
	<record>
		<leader>00827nam a22002530  4500</leader>
		<controlfield tag='001'>991012029219703811</controlfield>
		<controlfield tag='008'>830913s1968    ilu           00010 eng  </controlfield>
		<datafield ind1=' ' ind2=' ' tag='010'>
			<subfield code='a'>68015036</subfield>
		</datafield>
		<datafield ind1=' ' ind2=' ' tag='035'>
			<subfield code='a'>(PPT)b12497046-01tuli_inst</subfield>
		</datafield>
		<datafield ind1=' ' ind2=' ' tag='035'>
			<subfield code='a'>ocn471184759</subfield>
			<subfield code='9'>ExL</subfield>
		</datafield>
		<datafield ind1=' ' ind2=' ' tag='035'>
			<subfield code='a'>PATG83-B28736</subfield>
		</datafield>
		<datafield ind1=' ' ind2=' ' tag='079'>
			<subfield code='a'>ocm00438736</subfield>
		</datafield>
		<datafield ind1=' ' ind2=' ' tag='090'>
			<subfield code='a'>PS3509.B456A6 1968</subfield>
		</datafield>
		<datafield ind1='1' ind2='0' tag='100'>
			<subfield code='a'>Eberhart, Richard,</subfield>
			<subfield code='d'>1904-</subfield>
		</datafield>
		<datafield ind1='1' ind2='4' tag='245'>
			<subfield code='a'>The achievement of Richard Eberhart;</subfield>
			<subfield code='b'>a comprehensive selection of his poems,</subfield>
			<subfield code='c'>with a critical introduction [by] Bernard F. Engel.</subfield>
		</datafield>
		<datafield ind1=' ' ind2=' ' tag='260'>
			<subfield code='a'>[Glenview, Ill.]</subfield>
			<subfield code='b'>Scott, Foresman</subfield>
			<subfield code='c'>[1968]</subfield>
		</datafield>
		<datafield ind1=' ' ind2=' ' tag='300'>
			<subfield code='a'>84 p.</subfield>
			<subfield code='c'>23 cm.</subfield>
		</datafield>
		<datafield ind1=' ' ind2='4' tag='440'>
			<subfield code='a'>The Modern poets series</subfield>
		</datafield>
		<datafield ind1='1' ind2='1' tag='700'>
			<subfield code='a'>Engel, Bernard Francis.</subfield>
		</datafield>
		<datafield ind1='0' ind2=' ' tag='852'>
			<subfield code='8'>2291710810003811</subfield>
			<subfield code='b'>MAIN</subfield>
			<subfield code='c'>stacks</subfield>
			<subfield code='h'>PS3509.B456A6 1968</subfield>
		</datafield>
		<datafield ind1=' ' ind2=' ' tag='902'>
			<subfield code='a'>091201</subfield>
		</datafield>
		<datafield ind1=' ' ind2=' ' tag='907'>
			<subfield code='a'>.b12497046</subfield>
			<subfield code='b'>p    </subfield>
			<subfield code='c'>-</subfield>
		</datafield>
		<datafield ind1=' ' ind2=' ' tag='935'>
			<subfield code='a'>00266663</subfield>
		</datafield>
		<datafield ind1=' ' ind2=' ' tag='945'>
			<subfield code='l'>pstk </subfield>
			<subfield code='g'>1</subfield>
		</datafield>
		<datafield ind1=' ' ind2=' ' tag='950'>
			<subfield code='l'>P</subfield>
		</datafield>
		<datafield ind1=' ' ind2=' ' tag='998'>
			<subfield code='b'>1</subfield>
			<subfield code='c'>990101</subfield>
			<subfield code='d'>m</subfield>
			<subfield code='e'>a</subfield>
			<subfield code='f'>-</subfield>
			<subfield code='g'>4</subfield>
		</datafield>
		<datafield ind1=' ' ind2=' ' tag='998'>
			<subfield code='a'>09/13/83</subfield>
			<subfield code='t'>c</subfield>
			<subfield code='s'>9110</subfield>
			<subfield code='n'>PPT</subfield>
			<subfield code='w'>DCLC6815036B</subfield>
			<subfield code='d'>09/13/83</subfield>
			<subfield code='b'>AMC</subfield>
			<subfield code='i'>830913</subfield>
			<subfield code='l'>PATG</subfield>
		</datafield>
		<datafield ind1=' ' ind2=' ' tag='HLD'>
		</datafield>
		<datafield tag='HLD' >
		</datafield>
	</record>