
	<record>
		<leader>02661cgm a2200637 a 4500</leader>
		<controlfield tag='001'>991012034899703811</controlfield>
		<controlfield tag='005'>20051220140036.0</controlfield>
		<controlfield tag='007'>vd cvaizm</controlfield>
		<controlfield tag='008'>041123s2005    xxu092 e          vljpn d</controlfield>
		<datafield ind1=' ' ind2=' ' tag='020'>
			<subfield code='a'>0780029666</subfield>
		</datafield>
		<datafield ind1='1' ind2=' ' tag='024'>
			<subfield code='a'>037429203323</subfield>
		</datafield>
		<datafield ind1='4' ind2='2' tag='028'>
			<subfield code='a'>YOU060</subfield>
			<subfield code='b'>Criterion Collection</subfield>
		</datafield>
		<datafield ind1=' ' ind2=' ' tag='035'>
			<subfield code='a'>(PPT)b29703219-01tuli_inst</subfield>
		</datafield>
		<datafield ind1=' ' ind2=' ' tag='035'>
			<subfield code='a'>(CStRLIN)ocn490855350</subfield>
			<subfield code='9'>ExL</subfield>
		</datafield>
		<datafield ind1=' ' ind2=' ' tag='035'>
			<subfield code='a'>PPTb29703219</subfield>
		</datafield>
		<datafield ind1=' ' ind2=' ' tag='040'>
			<subfield code='a'>TEFMT</subfield>
			<subfield code='c'>TEFMT</subfield>
			<subfield code='d'>RCS</subfield>
			<subfield code='d'>OCLCQ</subfield>
			<subfield code='d'>OCL</subfield>
			<subfield code='d'>NIC</subfield>
			<subfield code='d'>PPT</subfield>
		</datafield>
		<datafield ind1='1' ind2=' ' tag='041'>
			<subfield code='a'>jpn</subfield>
			<subfield code='b'>eng</subfield>
			<subfield code='h'>jpn</subfield>
		</datafield>
		<datafield ind1=' ' ind2=' ' tag='043'>
			<subfield code='a'>a-ja---</subfield>
		</datafield>
		<datafield ind1=' ' ind2=' ' tag='079'>
			<subfield code='a'>ocn222482713</subfield>
		</datafield>
		<datafield ind1=' ' ind2=' ' tag='090'>
			<subfield code='a'>PN1997</subfield>
			<subfield code='b'>.Y257x 2005</subfield>
		</datafield>
		<datafield ind1='0' ind2='0' tag='245'>
			<subfield code='a'>Yaju no seishun</subfield>
			<subfield code='h'>[videorecording] =</subfield>
			<subfield code='b'>Youth of the beast /</subfield>
			<subfield code='c'>a Janus Films release ; produced by Keinosuke Kubo ; screenplay by Ichoro Ikeda Tadaaki Yamazaki ; directed by Seijun Suzuki.</subfield>
		</datafield>
		<datafield ind1='1' ind2=' ' tag='246'>
			<subfield code='i'>At head of title:</subfield>
			<subfield code='a'>Seijun Suzuki&apos;s</subfield>
		</datafield>
		<datafield ind1='3' ind2='1' tag='246'>
			<subfield code='a'>Youth of the beast</subfield>
		</datafield>
		<datafield ind1=' ' ind2=' ' tag='260'>
			<subfield code='a'>[S.l.] :</subfield>
			<subfield code='b'>Criterion Collection,</subfield>
			<subfield code='c'>c2005.</subfield>
		</datafield>
		<datafield ind1=' ' ind2=' ' tag='300'>
			<subfield code='a'>1 videodisc (92 min.) :</subfield>
			<subfield code='b'>sd., col. ;</subfield>
			<subfield code='c'>4 3/4 in. +</subfield>
			<subfield code='e'>1 leaflet (19 x 13 cm., folded).</subfield>
		</datafield>
		<datafield ind1='1' ind2=' ' tag='490'>
			<subfield code='a'>Criterion collection ;</subfield>
			<subfield code='v'>268.</subfield>
		</datafield>
		<datafield ind1=' ' ind2=' ' tag='538'>
			<subfield code='a'>DVD; Dolby digital mono.</subfield>
		</datafield>
		<datafield ind1=' ' ind2=' ' tag='546'>
			<subfield code='a'>In Japanese with English subtitles.</subfield>
		</datafield>
		<datafield ind1='1' ind2=' ' tag='511'>
			<subfield code='a'>Jo Shishido.</subfield>
		</datafield>
		<datafield ind1=' ' ind2=' ' tag='508'>
			<subfield code='a'>Director of photography, Kazue Nagatsuka ; editoral director, Elizabeth Helfgott ; music, Hajime Okumura.</subfield>
		</datafield>
		<datafield ind1=' ' ind2=' ' tag='500'>
			<subfield code='a'>Based on a novel by Haruhiko Oyabu.</subfield>
		</datafield>
		<datafield ind1=' ' ind2=' ' tag='500'>
			<subfield code='a'>Originally released as a motion picture in 1963.</subfield>
		</datafield>
		<datafield ind1=' ' ind2=' ' tag='500'>
			<subfield code='a'>Enhanced for 16x9 widescreen TVs; aspect ratio (2.35:1).</subfield>
		</datafield>
		<datafield ind1=' ' ind2=' ' tag='500'>
			<subfield code='a'>Special features: new, restored high-definition digital transfer; original theatrical trailer; new essay by film critic Howard Hampton (Artforum).</subfield>
		</datafield>
		<datafield ind1='8' ind2=' ' tag='521'>
			<subfield code='a'>MPAA rating: Not rated.</subfield>
		</datafield>
		<datafield ind1=' ' ind2=' ' tag='520'>
			<subfield code='a'>When a mysterious stranger muscles into two rival yakuza gangs, Tokyo&apos;s underworld explodes with violence. This film was a breakthrough for director Seijun Suzuki, introducing the flamboyant colors and hallucinatory images that became his trademark.</subfield>
		</datafield>
		<datafield ind1=' ' ind2='0' tag='650'>
			<subfield code='a'>Yakuza</subfield>
			<subfield code='z'>Japan</subfield>
			<subfield code='v'>Drama.</subfield>
		</datafield>
		<datafield ind1=' ' ind2='0' tag='650'>
			<subfield code='a'>Hoodlums</subfield>
			<subfield code='z'>Japan</subfield>
			<subfield code='v'>Drama.</subfield>
		</datafield>
		<datafield ind1=' ' ind2='0' tag='650'>
			<subfield code='a'>Revenge</subfield>
			<subfield code='v'>Drama.</subfield>
		</datafield>
		<datafield ind1=' ' ind2='7' tag='655'>
			<subfield code='a'>Feature films.</subfield>
			<subfield code='2'>lcgft</subfield>
		</datafield>
		<datafield ind1=' ' ind2='7' tag='655'>
			<subfield code='a'>Gangster films.</subfield>
			<subfield code='2'>lcgft</subfield>
		</datafield>
		<datafield ind1=' ' ind2='7' tag='655'>
			<subfield code='a'>Foreign language films</subfield>
			<subfield code='x'>Japanese.</subfield>
			<subfield code='2'>local</subfield>
		</datafield>
		<datafield ind1='1' ind2=' ' tag='700'>
			<subfield code='a'>Kubo, Keinosuke.</subfield>
		</datafield>
		<datafield ind1='1' ind2=' ' tag='700'>
			<subfield code='a'>Ryū, Keiichirō,</subfield>
			<subfield code='d'>1923-</subfield>
		</datafield>
		<datafield ind1='1' ind2=' ' tag='700'>
			<subfield code='a'>Yamazaki, Tadaaki.</subfield>
		</datafield>
		<datafield ind1='1' ind2=' ' tag='700'>
			<subfield code='a'>Suzuki, Seijun,</subfield>
			<subfield code='d'>1923-</subfield>
		</datafield>
		<datafield ind1='1' ind2=' ' tag='700'>
			<subfield code='a'>Shishido, Jō,</subfield>
			<subfield code='d'>1933-</subfield>
		</datafield>
		<datafield ind1='1' ind2=' ' tag='700'>
			<subfield code='a'>Nagatsuka, Kazue.</subfield>
		</datafield>
		<datafield ind1='1' ind2=' ' tag='700'>
			<subfield code='a'>Helfgott, Elizabeth.</subfield>
		</datafield>
		<datafield ind1='1' ind2=' ' tag='700'>
			<subfield code='a'>Okumura, Hajime,</subfield>
			<subfield code='d'>1925-</subfield>
		</datafield>
		<datafield ind1='2' ind2=' ' tag='710'>
			<subfield code='a'>Janus Films.</subfield>
		</datafield>
		<datafield ind1=' ' ind2='0' tag='830'>
			<subfield code='a'>Criterion collection (DVD videodiscs) ;</subfield>
			<subfield code='v'>268.</subfield>
		</datafield>
		<datafield ind1=' ' ind2=' ' tag='902'>
			<subfield code='a'>160425</subfield>
		</datafield>
		<datafield ind1=' ' ind2=' ' tag='907'>
			<subfield code='a'>.b29703219</subfield>
			<subfield code='b'>pmed </subfield>
			<subfield code='c'>g</subfield>
		</datafield>
		<datafield ind1=' ' ind2=' ' tag='945'>
			<subfield code='l'>pmed </subfield>
			<subfield code='g'>1</subfield>
		</datafield>
		<datafield ind1=' ' ind2=' ' tag='998'>
			<subfield code='b'>0</subfield>
			<subfield code='c'>060728</subfield>
			<subfield code='d'>m</subfield>
			<subfield code='e'>g</subfield>
			<subfield code='f'>g</subfield>
			<subfield code='g'>0</subfield>
		</datafield>
		<datafield ind1=' ' ind2=' ' tag='998'>
			<subfield code='a'>07/28/06</subfield>
			<subfield code='s'>RLIN</subfield>
			<subfield code='c'>DH</subfield>
		</datafield>
		<datafield tag='HLD' >
		</datafield>
	</record>