
	<record>
		<leader>00842cam a22002770  4500</leader>
		<controlfield tag='001'>991012036369703811</controlfield>
		<controlfield tag='008'>830912s1980    paua          00010 eng d</controlfield>
		<datafield ind1=' ' ind2=' ' tag='020'>
			<subfield code='a'>0934238022</subfield>
		</datafield>
		<datafield ind1=' ' ind2=' ' tag='035'>
			<subfield code='a'>(PPT)b1249852x-01tuli_inst</subfield>
		</datafield>
		<datafield ind1=' ' ind2=' ' tag='035'>
			<subfield code='a'>ocn471184919</subfield>
			<subfield code='9'>ExL</subfield>
		</datafield>
		<datafield ind1=' ' ind2=' ' tag='035'>
			<subfield code='a'>PATG83-B28639</subfield>
		</datafield>
		<datafield ind1=' ' ind2=' ' tag='040'>
			<subfield code='a'>PPT</subfield>
			<subfield code='c'>PPT</subfield>
		</datafield>
		<datafield ind1=' ' ind2=' ' tag='079'>
			<subfield code='a'>ocm08107218</subfield>
		</datafield>
		<datafield ind1=' ' ind2=' ' tag='090'>
			<subfield code='a'>PS3561.A89W4x</subfield>
		</datafield>
		<datafield ind1='1' ind2='0' tag='100'>
			<subfield code='a'>Kaye/Kantrowitz, Melanie.</subfield>
		</datafield>
		<datafield ind1='1' ind2='0' tag='245'>
			<subfield code='a'>We speak in code :</subfield>
			<subfield code='b'>poems and other writings /</subfield>
			<subfield code='c'>by Melanie Kaye.</subfield>
		</datafield>
		<datafield ind1=' ' ind2=' ' tag='260'>
			<subfield code='a'>Pittsburgh, Pa. :</subfield>
			<subfield code='b'>Motheroot,</subfield>
			<subfield code='c'>1980.</subfield>
		</datafield>
		<datafield ind1=' ' ind2=' ' tag='300'>
			<subfield code='a'>106 p. :</subfield>
			<subfield code='b'>ill. ;</subfield>
			<subfield code='c'>17 cm.</subfield>
		</datafield>
		<datafield ind1=' ' ind2=' ' tag='500'>
			<subfield code='a'>Paper wrappers.</subfield>
		</datafield>
		<datafield ind1='2' ind2=' ' tag='710'>
			<subfield code='a'>Motheroot Publications,</subfield>
			<subfield code='e'>publisher.</subfield>
		</datafield>
		<datafield ind1='0' ind2=' ' tag='852'>
			<subfield code='8'>2289228830003811</subfield>
			<subfield code='b'>SCRC</subfield>
			<subfield code='c'>rarestacks</subfield>
			<subfield code='h'>PS3561.A89W4x</subfield>
		</datafield>
		<datafield ind1=' ' ind2=' ' tag='902'>
			<subfield code='a'>160318</subfield>
		</datafield>
		<datafield ind1=' ' ind2=' ' tag='907'>
			<subfield code='a'>.b1249852x</subfield>
			<subfield code='b'>s    </subfield>
			<subfield code='c'>-</subfield>
		</datafield>
		<datafield ind1=' ' ind2=' ' tag='935'>
			<subfield code='a'>00266818</subfield>
		</datafield>
		<datafield ind1=' ' ind2=' ' tag='945'>
			<subfield code='l'>sccc </subfield>
			<subfield code='g'>1</subfield>
		</datafield>
		<datafield ind1=' ' ind2=' ' tag='950'>
			<subfield code='l'>CCC</subfield>
			<subfield code='i'>09/14/83 C</subfield>
		</datafield>
		<datafield ind1=' ' ind2=' ' tag='955'>
			<subfield code='l'>CCC</subfield>
			<subfield code='i'>09/14/83 C</subfield>
		</datafield>
		<datafield ind1=' ' ind2=' ' tag='998'>
			<subfield code='b'>1</subfield>
			<subfield code='c'>990101</subfield>
			<subfield code='d'>m</subfield>
			<subfield code='e'>a</subfield>
			<subfield code='f'>-</subfield>
			<subfield code='g'>0</subfield>
		</datafield>
		<datafield ind1=' ' ind2=' ' tag='998'>
			<subfield code='a'>09/14/83</subfield>
			<subfield code='t'>c</subfield>
			<subfield code='s'>9114</subfield>
			<subfield code='n'>PPT</subfield>
			<subfield code='w'>PATG83B28639</subfield>
			<subfield code='d'>09/12/83</subfield>
			<subfield code='c'>GK</subfield>
			<subfield code='b'>MK</subfield>
			<subfield code='i'>830914</subfield>
			<subfield code='l'>PATG</subfield>
		</datafield>
		<datafield ind1='0' ind2=' ' tag='HLD'>
			<subfield code='b'>SCRC</subfield>
			<subfield code='c'>rarestacks</subfield>
			<subfield code='h'>PR6063.U367 A6 2015b</subfield>
			<subfield code='i'>Fishman-MacElderry</subfield>
		</datafield>
	</record>