
	<record>
		<leader>01237cam a2200313 a 4500</leader>
		<controlfield tag='001'>991012039949703811</controlfield>
		<controlfield tag='005'>20051222061132.0</controlfield>
		<controlfield tag='008'>030821s2003    scuab    b    001 0 eng  </controlfield>
		<datafield ind1=' ' ind2=' ' tag='010'>
			<subfield code='a'>2003111661</subfield>
		</datafield>
		<datafield ind1=' ' ind2=' ' tag='020'>
			<subfield code='a'>0738524565 (pbk.)</subfield>
		</datafield>
		<datafield ind1=' ' ind2=' ' tag='035'>
			<subfield code='a'>(PPT)b29704662-01tuli_inst</subfield>
		</datafield>
		<datafield ind1=' ' ind2=' ' tag='040'>
			<subfield code='a'>DLC</subfield>
			<subfield code='c'>DLC</subfield>
			<subfield code='d'>DLC</subfield>
		</datafield>
		<datafield ind1=' ' ind2=' ' tag='043'>
			<subfield code='a'>n-us-il</subfield>
		</datafield>
		<datafield ind1='0' ind2='0' tag='050'>
			<subfield code='a'>F548.9.I8</subfield>
			<subfield code='b'>C36 2003</subfield>
		</datafield>
		<datafield ind1='1' ind2=' ' tag='100'>
			<subfield code='a'>Candeloro, Dominic Lawrence,</subfield>
			<subfield code='d'>1940-</subfield>
		</datafield>
		<datafield ind1='1' ind2='0' tag='245'>
			<subfield code='a'>Chicago&apos;s Italians :</subfield>
			<subfield code='b'>immigrants, ethnics, Americans /</subfield>
			<subfield code='c'>Dominic Candeloro.</subfield>
		</datafield>
		<datafield ind1=' ' ind2=' ' tag='260'>
			<subfield code='a'>Charleston, SC :</subfield>
			<subfield code='b'>Arcadia,</subfield>
			<subfield code='c'>c2003.</subfield>
		</datafield>
		<datafield ind1=' ' ind2=' ' tag='300'>
			<subfield code='a'>160 p. ;</subfield>
			<subfield code='b'>ill., map ;</subfield>
			<subfield code='c'>25 cm.</subfield>
		</datafield>
		<datafield ind1=' ' ind2='4' tag='440'>
			<subfield code='a'>The making of America series</subfield>
		</datafield>
		<datafield ind1=' ' ind2=' ' tag='504'>
			<subfield code='a'>Includes bibliographical references (p. 156-157) and index.</subfield>
		</datafield>
		<datafield ind1=' ' ind2='0' tag='650'>
			<subfield code='a'>Italian Americans</subfield>
			<subfield code='z'>Illinois</subfield>
			<subfield code='z'>Chicago</subfield>
			<subfield code='x'>History.</subfield>
		</datafield>
		<datafield ind1=' ' ind2='0' tag='650'>
			<subfield code='a'>Italian Americans</subfield>
			<subfield code='z'>Illinois</subfield>
			<subfield code='z'>Chicago</subfield>
			<subfield code='x'>History</subfield>
			<subfield code='v'>Pictorial works.</subfield>
		</datafield>
		<datafield ind1=' ' ind2='0' tag='650'>
			<subfield code='a'>Ethnic neighborhoods</subfield>
			<subfield code='z'>Illinois</subfield>
			<subfield code='z'>Chicago</subfield>
			<subfield code='x'>History.</subfield>
		</datafield>
		<datafield ind1=' ' ind2='0' tag='650'>
			<subfield code='a'>Ethnic neighborhoods</subfield>
			<subfield code='z'>Illinois</subfield>
			<subfield code='z'>Chicago</subfield>
			<subfield code='x'>History</subfield>
			<subfield code='v'>Pictorial works.</subfield>
		</datafield>
		<datafield ind1=' ' ind2='0' tag='651'>
			<subfield code='a'>Chicago (Ill.)</subfield>
			<subfield code='x'>Ethnic relations.</subfield>
		</datafield>
		<datafield ind1=' ' ind2='0' tag='651'>
			<subfield code='a'>Chicago (Ill.)</subfield>
			<subfield code='x'>Ethnic relations</subfield>
			<subfield code='v'>Pictorial works.</subfield>
		</datafield>
		<datafield ind1=' ' ind2=' ' tag='902'>
			<subfield code='a'>110512</subfield>
		</datafield>
		<datafield ind1=' ' ind2=' ' tag='907'>
			<subfield code='a'>.b29704662</subfield>
			<subfield code='b'>p    </subfield>
			<subfield code='c'>n</subfield>
		</datafield>
		<datafield ind1=' ' ind2=' ' tag='952'>
			<subfield code='a'>DCLC2003111661-B</subfield>
			<subfield code='b'>Library of Congress</subfield>
			<subfield code='h'>Full</subfield>
			<subfield code='i'>LCC</subfield>
			<subfield code='k'>DDC</subfield>
			<subfield code='n'>DLC</subfield>
			<subfield code='r'>CAT</subfield>
			<subfield code='u'>20041220</subfield>
		</datafield>
		<datafield ind1=' ' ind2=' ' tag='998'>
			<subfield code='b'>0</subfield>
			<subfield code='c'>
			</subfield>
			<subfield code='d'>m</subfield>
			<subfield code='e'>a</subfield>
			<subfield code='f'>n</subfield>
			<subfield code='g'>0</subfield>
		</datafield>
		<datafield tag='HLD' >
		</datafield>
	</record>