
	<record>
		<leader>01334cam a2200349 a 4500</leader>
		<controlfield tag='001'>991012038409703811</controlfield>
		<controlfield tag='008'>920716s1993    xxua     b    00100 eng d</controlfield>
		<datafield ind1=' ' ind2=' ' tag='010'>
			<subfield code='a'>92-49897</subfield>
		</datafield>
		<datafield ind1=' ' ind2=' ' tag='020'>
			<subfield code='a'>0397512457</subfield>
		</datafield>
		<datafield ind1=' ' ind2=' ' tag='035'>
			<subfield code='a'>(PPT)b21023669-01tuli_inst</subfield>
		</datafield>
		<datafield ind1=' ' ind2=' ' tag='035'>
			<subfield code='a'>9210980</subfield>
			<subfield code='9'>ExL</subfield>
		</datafield>
		<datafield ind1=' ' ind2=' ' tag='040'>
			<subfield code='a'>DNLM</subfield>
			<subfield code='c'>DNLM</subfield>
		</datafield>
		<datafield ind1=' ' ind2=' ' tag='040'>
			<subfield code='c'>Charles E. Krausz Library</subfield>
		</datafield>
		<datafield ind1=' ' ind2=' ' tag='049'>
			<subfield code='d'>19930518</subfield>
			<subfield code='v'>1</subfield>
		</datafield>
		<datafield ind1=' ' ind2=' ' tag='096'>
			<subfield code='a'>W 18 R999515 1993</subfield>
		</datafield>
		<datafield ind1='0' ind2='0' tag='245'>
			<subfield code='a'>Rypins&apos; basic sciences review.</subfield>
		</datafield>
		<datafield ind1=' ' ind2=' ' tag='250'>
			<subfield code='a'>16th ed. /</subfield>
			<subfield code='b'>edited by Edward D. Frohlich, with the collaboration of a review panel.</subfield>
		</datafield>
		<datafield ind1=' ' ind2=' ' tag='260'>
			<subfield code='a'>Philadelphia :</subfield>
			<subfield code='b'>Lippincott,</subfield>
			<subfield code='c'>c1993.</subfield>
		</datafield>
		<datafield ind1=' ' ind2=' ' tag='300'>
			<subfield code='a'>xiv, 856 p. :</subfield>
			<subfield code='b'>ill.</subfield>
		</datafield>
		<datafield ind1=' ' ind2=' ' tag='500'>
			<subfield code='a'>Rev. ed. of: Rypins&apos; medical boards review, v. 1. 15th ed. / edited by Edward D. Frohlich, with the collaboration of a review panel. c1989.</subfield>
		</datafield>
		<datafield ind1=' ' ind2=' ' tag='500'>
			<subfield code='a'>Companion v. to: Rypins&apos; questions &amp; answers for basic sciences review / edited by Edward D. Frohlich. 2nd ed. c1993.</subfield>
		</datafield>
		<datafield ind1=' ' ind2=' ' tag='504'>
			<subfield code='a'>Includes bibliographical references and index.</subfield>
		</datafield>
		<datafield ind1=' ' ind2='2' tag='650'>
			<subfield code='a'>Licensure, Medical.</subfield>
		</datafield>
		<datafield ind1=' ' ind2='2' tag='650'>
			<subfield code='a'>Medicine.</subfield>
		</datafield>
		<datafield ind1='1' ind2='0' tag='700'>
			<subfield code='a'>Frohlich, Edward D.,</subfield>
			<subfield code='d'>1931-</subfield>
		</datafield>
		<datafield ind1='1' ind2='0' tag='700'>
			<subfield code='a'>Rypins, Harold,</subfield>
			<subfield code='d'>1892-1939.</subfield>
		</datafield>
		<datafield ind1='0' ind2='1' tag='730'>
			<subfield code='a'>Rypins&apos; medical boards review.</subfield>
		</datafield>
		<datafield ind1='0' ind2='1' tag='730'>
			<subfield code='a'>Rypins&apos; questions &amp; answers for basic sciences review.</subfield>
		</datafield>
		<datafield ind1='0' ind2='1' tag='740'>
			<subfield code='a'>Basic sciences review</subfield>
		</datafield>
		<datafield ind1='2' ind2=' ' tag='852'>
			<subfield code='8'>22150393210003811</subfield>
			<subfield code='b'>PODIATRY</subfield>
			<subfield code='c'>stacks</subfield>
			<subfield code='h'>W 18 R999515 1993</subfield>
		</datafield>
		<datafield ind1=' ' ind2=' ' tag='902'>
			<subfield code='a'>121001</subfield>
		</datafield>
		<datafield ind1=' ' ind2=' ' tag='907'>
			<subfield code='a'>.b21023669</subfield>
			<subfield code='b'>hp   </subfield>
			<subfield code='c'>-</subfield>
		</datafield>
		<datafield ind1=' ' ind2=' ' tag='935'>
			<subfield code='a'>(CD )30712038</subfield>
		</datafield>
		<datafield ind1=' ' ind2=' ' tag='945'>
			<subfield code='l'>hpbst</subfield>
			<subfield code='g'>1</subfield>
		</datafield>
		<datafield ind1=' ' ind2=' ' tag='998'>
			<subfield code='b'>1</subfield>
			<subfield code='c'>000101</subfield>
			<subfield code='d'>m</subfield>
			<subfield code='e'>a</subfield>
			<subfield code='f'>-</subfield>
			<subfield code='g'>0</subfield>
		</datafield>
		<datafield tag='HLD' >
		</datafield>
	</record>