
	<record>
		<leader>01177nam a2200313 a 4500</leader>
		<controlfield tag='001'>991012048579703811</controlfield>
		<controlfield tag='005'>20051227071812.0</controlfield>
		<controlfield tag='008'>051227s1824    dcu           000|0 eng d</controlfield>
		<datafield ind1=' ' ind2=' ' tag='035'>
			<subfield code='a'>(PPT)b29706592-01tuli_inst</subfield>
		</datafield>
		<datafield ind1=' ' ind2=' ' tag='035'>
			<subfield code='a'>PATL05-B12597</subfield>
		</datafield>
		<datafield ind1=' ' ind2=' ' tag='040'>
			<subfield code='a'>PPT-L</subfield>
			<subfield code='c'>PPT-L</subfield>
		</datafield>
		<datafield ind1=' ' ind2=' ' tag='043'>
			<subfield code='a'>n-us-dc</subfield>
		</datafield>
		<datafield ind1=' ' ind2=' ' tag='099'>
			<subfield code='a'>RB M 20 W27 A2 1824</subfield>
		</datafield>
		<datafield ind1='1' ind2=' ' tag='110'>
			<subfield code='a'>Washington (D.C.)</subfield>
		</datafield>
		<datafield ind1='1' ind2='0' tag='240'>
			<subfield code='a'>Charter.</subfield>
		</datafield>
		<datafield ind1='1' ind2='3' tag='245'>
			<subfield code='a'>An act amendatory of the Charter of the city of Washington :</subfield>
			<subfield code='b'>an act supplementary to the act &quot;to incorporate the inhabitants of the city of Washington,&quot; passed the fifteenth of May, one thousand eight hundred and twenty, and for other purposes.</subfield>
		</datafield>
		<datafield ind1='3' ind2=' ' tag='246'>
			<subfield code='a'>Charter of the city of Washington</subfield>
		</datafield>
		<datafield ind1=' ' ind2=' ' tag='260'>
			<subfield code='a'>Washington, DC :</subfield>
			<subfield code='b'>s.n.,</subfield>
			<subfield code='c'>1824?</subfield>
		</datafield>
		<datafield ind1=' ' ind2=' ' tag='300'>
			<subfield code='a'>4 p. ;</subfield>
			<subfield code='c'>21 cm.</subfield>
		</datafield>
		<datafield ind1=' ' ind2=' ' tag='500'>
			<subfield code='a'>&quot;Washington, May 26, 1824, approved--James Monroe.&quot;--p. 4.</subfield>
		</datafield>
		<datafield ind1=' ' ind2=' ' tag='500'>
			<subfield code='a'>No t.p.: title taken from p. 1.</subfield>
		</datafield>
		<datafield ind1=' ' ind2='0' tag='650'>
			<subfield code='a'>Municipal charters</subfield>
			<subfield code='z'>Washington (D.C.)</subfield>
		</datafield>
		<datafield ind1=' ' ind2='0' tag='651'>
			<subfield code='a'>Washington (D.C.)</subfield>
			<subfield code='v'>Charters.</subfield>
		</datafield>
		<datafield ind1='1' ind2=' ' tag='700'>
			<subfield code='a'>Monroe, James,</subfield>
			<subfield code='d'>1758-1831.</subfield>
		</datafield>
		<datafield ind1=' ' ind2='1' tag='901'>
			<subfield code='a'>RB M 20 W27 A2 1824</subfield>
			<subfield code='l'>lrar</subfield>
			<subfield code='t'>075</subfield>
			<subfield code='s'>o</subfield>
			<subfield code='z'>090</subfield>
		</datafield>
		<datafield ind1=' ' ind2=' ' tag='902'>
			<subfield code='a'>091008</subfield>
		</datafield>
		<datafield ind1=' ' ind2=' ' tag='907'>
			<subfield code='a'>.b29706592</subfield>
			<subfield code='b'>l    </subfield>
			<subfield code='c'>-</subfield>
		</datafield>
		<datafield ind1=' ' ind2=' ' tag='945'>
			<subfield code='l'>lrar </subfield>
			<subfield code='g'>1</subfield>
		</datafield>
		<datafield ind1=' ' ind2=' ' tag='998'>
			<subfield code='b'>1</subfield>
			<subfield code='c'>051227</subfield>
			<subfield code='d'>m</subfield>
			<subfield code='e'>a</subfield>
			<subfield code='f'>-</subfield>
			<subfield code='g'>3</subfield>
		</datafield>
		<datafield ind1=' ' ind2=' ' tag='998'>
			<subfield code='b'>1</subfield>
			<subfield code='c'>051227</subfield>
			<subfield code='d'>m</subfield>
			<subfield code='e'>a</subfield>
			<subfield code='f'>-</subfield>
			<subfield code='g'>3</subfield>
		</datafield>
		<datafield tag='HLD' >
		</datafield>
	</record>