
	<record>
		<leader>01029nam a22003018a 4500</leader>
		<controlfield tag='001'>991012048419703811</controlfield>
		<controlfield tag='005'>20051227080408.0</controlfield>
		<controlfield tag='008'>031208s2004    xxu     |     001 0 eng  </controlfield>
		<datafield ind1=' ' ind2=' ' tag='020'>
			<subfield code='a'>0415232236 (pbk.) :</subfield>
			<subfield code='c'>£15.99</subfield>
		</datafield>
		<datafield ind1=' ' ind2=' ' tag='035'>
			<subfield code='a'>(PPT)b29706543-01tuli_inst</subfield>
		</datafield>
		<datafield ind1=' ' ind2=' ' tag='040'>
			<subfield code='a'>StDuBDS</subfield>
			<subfield code='c'>StDuBDS</subfield>
			<subfield code='d'>Uk</subfield>
			<subfield code='d'>CStRLIN</subfield>
		</datafield>
		<datafield ind1='0' ind2='0' tag='245'>
			<subfield code='a'>Cumulative trauma disorders.</subfield>
		</datafield>
		<datafield ind1=' ' ind2=' ' tag='250'>
			<subfield code='a'>2nd ed. /</subfield>
			<subfield code='b'>edited by Robert Arndt, Vern Putz-Anderson.</subfield>
		</datafield>
		<datafield ind1=' ' ind2=' ' tag='260'>
			<subfield code='a'>New York ;</subfield>
			<subfield code='a'>London :</subfield>
			<subfield code='b'>Taylor &amp; Francis,</subfield>
			<subfield code='c'>2004.</subfield>
		</datafield>
		<datafield ind1=' ' ind2=' ' tag='263'>
			<subfield code='a'>200406</subfield>
		</datafield>
		<datafield ind1=' ' ind2=' ' tag='300'>
			<subfield code='a'>184 p. :</subfield>
			<subfield code='b'>ill. ;</subfield>
			<subfield code='c'>24cm.</subfield>
		</datafield>
		<datafield ind1=' ' ind2=' ' tag='500'>
			<subfield code='a'>Previous ed.: 1988.</subfield>
		</datafield>
		<datafield ind1=' ' ind2=' ' tag='504'>
			<subfield code='a'>Includes bibliographies and index.</subfield>
		</datafield>
		<datafield ind1=' ' ind2='0' tag='650'>
			<subfield code='a'>Arm</subfield>
			<subfield code='x'>Wounds and injuries.</subfield>
		</datafield>
		<datafield ind1=' ' ind2='0' tag='650'>
			<subfield code='a'>Arm</subfield>
			<subfield code='x'>Wounds and injuries</subfield>
			<subfield code='x'>Prevention.</subfield>
		</datafield>
		<datafield ind1=' ' ind2='0' tag='650'>
			<subfield code='a'>Occupational diseases</subfield>
			<subfield code='x'>Prevention.</subfield>
		</datafield>
		<datafield ind1=' ' ind2='0' tag='650'>
			<subfield code='a'>Disability evaluation.</subfield>
		</datafield>
		<datafield ind1=' ' ind2='0' tag='650'>
			<subfield code='a'>Overuse injuries.</subfield>
		</datafield>
		<datafield ind1='1' ind2=' ' tag='700'>
			<subfield code='a'>Arndt, Robert.</subfield>
		</datafield>
		<datafield ind1='1' ind2=' ' tag='700'>
			<subfield code='a'>Putz-Anderson, Vern.</subfield>
		</datafield>
		<datafield ind1=' ' ind2=' ' tag='902'>
			<subfield code='a'>160106</subfield>
		</datafield>
		<datafield ind1=' ' ind2=' ' tag='907'>
			<subfield code='a'>.b29706543</subfield>
			<subfield code='b'>p    </subfield>
			<subfield code='c'>n</subfield>
		</datafield>
		<datafield ind1=' ' ind2=' ' tag='952'>
			<subfield code='a'>UKBPGBA4Y5302-B</subfield>
			<subfield code='b'>British National Bibliography</subfield>
			<subfield code='h'>Prepub</subfield>
			<subfield code='k'>DDC</subfield>
			<subfield code='n'>Uk</subfield>
			<subfield code='r'>CAT</subfield>
			<subfield code='u'>20040313</subfield>
		</datafield>
		<datafield ind1=' ' ind2=' ' tag='998'>
			<subfield code='b'>0</subfield>
			<subfield code='c'>
			</subfield>
			<subfield code='d'>m</subfield>
			<subfield code='e'>a</subfield>
			<subfield code='f'>n</subfield>
			<subfield code='g'>0</subfield>
		</datafield>
		<datafield tag='HLD' >
		</datafield>
	</record>