
	<record>
		<leader>00984nam a22003378a 4500</leader>
		<controlfield tag='001'>991012051599703811</controlfield>
		<controlfield tag='005'>19940912000000.0</controlfield>
		<controlfield tag='008'>940915s1996    xxu||||  |||| 00||0|eng b</controlfield>
		<datafield ind1=' ' ind2=' ' tag='010'>
			<subfield code='a'>94-36597</subfield>
		</datafield>
		<datafield ind1=' ' ind2=' ' tag='020'>
			<subfield code='a'>0721656587</subfield>
		</datafield>
		<datafield ind1=' ' ind2=' ' tag='035'>
			<subfield code='a'>(PPT)b21026671-01tuli_inst</subfield>
		</datafield>
		<datafield ind1=' ' ind2=' ' tag='035'>
			<subfield code='a'>(DNLM)9438965     </subfield>
			<subfield code='9'>ExL</subfield>
		</datafield>
		<datafield ind1=' ' ind2=' ' tag='040'>
			<subfield code='a'>DNLM</subfield>
			<subfield code='c'>DNLM</subfield>
		</datafield>
		<datafield ind1=' ' ind2=' ' tag='040'>
			<subfield code='c'>Charles E. Krausz Library</subfield>
		</datafield>
		<datafield ind1='1' ind2=' ' tag='041'>
			<subfield code='a'>eng</subfield>
			<subfield code='h'>ger</subfield>
		</datafield>
		<datafield ind1=' ' ind2=' ' tag='049'>
			<subfield code='d'>19950808</subfield>
			<subfield code='v'>1</subfield>
		</datafield>
		<datafield ind1=' ' ind2=' ' tag='096'>
			<subfield code='a'>WE870 H467p 1995</subfield>
		</datafield>
		<datafield ind1='1' ind2=' ' tag='100'>
			<subfield code='a'>Heim, Urs,</subfield>
			<subfield code='d'>1924-</subfield>
		</datafield>
		<datafield ind1='1' ind2='0' tag='240'>
			<subfield code='a'>Pilon-tibial Fraktur.</subfield>
			<subfield code='l'>English</subfield>
		</datafield>
		<datafield ind1='1' ind2='4' tag='245'>
			<subfield code='a'>The pilon-tibial fracture :</subfield>
			<subfield code='b'>classification, surgical techniques, results /</subfield>
			<subfield code='c'>Urs F.A. Heim.</subfield>
		</datafield>
		<datafield ind1=' ' ind2=' ' tag='250'>
			<subfield code='a'>1st ed.</subfield>
		</datafield>
		<datafield ind1=' ' ind2=' ' tag='260'>
			<subfield code='a'>Philadelphia :</subfield>
			<subfield code='b'>W.B. Saunders,</subfield>
			<subfield code='c'>c1996.</subfield>
		</datafield>
		<datafield ind1=' ' ind2=' ' tag='263'>
			<subfield code='a'>9502</subfield>
		</datafield>
		<datafield ind1=' ' ind2=' ' tag='300'>
			<subfield code='a'>p.       cm.</subfield>
		</datafield>
		<datafield ind1=' ' ind2=' ' tag='504'>
			<subfield code='a'>Includes bibliographical references and index.</subfield>
		</datafield>
		<datafield ind1='1' ind2='2' tag='650'>
			<subfield code='a'>Tibial Fractures</subfield>
			<subfield code='x'>surgery.</subfield>
		</datafield>
		<datafield ind1='2' ind2='2' tag='650'>
			<subfield code='a'>Tibial Fractures</subfield>
			<subfield code='x'>classification.</subfield>
		</datafield>
		<datafield ind1='2' ind2=' ' tag='852'>
			<subfield code='8'>22106880220003811</subfield>
			<subfield code='b'>PODIATRY</subfield>
			<subfield code='c'>stacks</subfield>
			<subfield code='h'>WE870 H467p 1995</subfield>
		</datafield>
		<datafield ind1=' ' ind2=' ' tag='902'>
			<subfield code='a'>011227</subfield>
		</datafield>
		<datafield ind1=' ' ind2=' ' tag='907'>
			<subfield code='a'>.b21026671</subfield>
			<subfield code='b'>hp   </subfield>
			<subfield code='c'>-</subfield>
		</datafield>
		<datafield ind1=' ' ind2=' ' tag='935'>
			<subfield code='a'>(CD )30712953</subfield>
		</datafield>
		<datafield ind1=' ' ind2=' ' tag='945'>
			<subfield code='l'>hpbst</subfield>
			<subfield code='g'>1</subfield>
		</datafield>
		<datafield ind1=' ' ind2=' ' tag='998'>
			<subfield code='b'>1</subfield>
			<subfield code='c'>000101</subfield>
			<subfield code='d'>m</subfield>
			<subfield code='e'>a</subfield>
			<subfield code='f'>-</subfield>
			<subfield code='g'>4</subfield>
		</datafield>
		<datafield tag='HLD' >
		</datafield>
	</record>