
	<record>
		<leader>01581nam a22003730  4500</leader>
		<controlfield tag='001'>991012050249703811</controlfield>
		<controlfield tag='008'>830916s1982    dcua     b    00010 eng  </controlfield>
		<datafield ind1=' ' ind2=' ' tag='010'>
			<subfield code='a'>82074121</subfield>
		</datafield>
		<datafield ind1=' ' ind2=' ' tag='020'>
			<subfield code='a'>0309034515 (pbk.) :</subfield>
			<subfield code='c'>$8.40</subfield>
		</datafield>
		<datafield ind1=' ' ind2=' ' tag='035'>
			<subfield code='a'>(PPT)b12501335-01tuli_inst</subfield>
		</datafield>
		<datafield ind1=' ' ind2=' ' tag='035'>
			<subfield code='a'>ocn471185246</subfield>
			<subfield code='9'>ExL</subfield>
		</datafield>
		<datafield ind1=' ' ind2=' ' tag='035'>
			<subfield code='a'>PATG83-B29279</subfield>
		</datafield>
		<datafield ind1=' ' ind2=' ' tag='079'>
			<subfield code='a'>ocm09398702</subfield>
		</datafield>
		<datafield ind1=' ' ind2=' ' tag='090'>
			<subfield code='a'>TE7.N25 no.256</subfield>
		</datafield>
		<datafield ind1='1' ind2='0' tag='100'>
			<subfield code='a'>Janoff, M. S.</subfield>
			<subfield code='q'>(Michael S.)</subfield>
		</datafield>
		<datafield ind1='1' ind2='0' tag='245'>
			<subfield code='a'>Partial lighting of interchanges /</subfield>
			<subfield code='c'>M.S. Janoff, M. Freedman, and L.E. Decina ; research sponsored by the American Association of State Highway and Transportation Officials in cooperation with the Federal Highway Administration.</subfield>
		</datafield>
		<datafield ind1=' ' ind2=' ' tag='260'>
			<subfield code='a'>Washington, D.C. :</subfield>
			<subfield code='b'>Transportation Research Board, National Research Council,</subfield>
			<subfield code='c'>[1982]</subfield>
		</datafield>
		<datafield ind1=' ' ind2=' ' tag='300'>
			<subfield code='a'>81 p. :</subfield>
			<subfield code='b'>ill. ;</subfield>
			<subfield code='c'>28 cm.</subfield>
		</datafield>
		<datafield ind1='1' ind2=' ' tag='490'>
			<subfield code='a'>National Cooperative Highway Research Program report,</subfield>
			<subfield code='x'>0077-5614 ;</subfield>
			<subfield code='v'>256</subfield>
		</datafield>
		<datafield ind1=' ' ind2=' ' tag='500'>
			<subfield code='a'>&quot;December 1982.&quot;</subfield>
		</datafield>
		<datafield ind1=' ' ind2=' ' tag='504'>
			<subfield code='a'>Includes bibliographical references.</subfield>
		</datafield>
		<datafield ind1=' ' ind2='0' tag='650'>
			<subfield code='a'>Roads</subfield>
			<subfield code='x'>Interchanges and intersections</subfield>
			<subfield code='x'>Lighting.</subfield>
		</datafield>
		<datafield ind1='1' ind2='0' tag='700'>
			<subfield code='a'>Freedman, M.</subfield>
			<subfield code='q'>(Mark)</subfield>
		</datafield>
		<datafield ind1='1' ind2='0' tag='700'>
			<subfield code='a'>Decina, L. E.</subfield>
			<subfield code='q'>(Larry E.)</subfield>
		</datafield>
		<datafield ind1='2' ind2='0' tag='710'>
			<subfield code='a'>American Association of State Highway and Transportation Officials.</subfield>
		</datafield>
		<datafield ind1='1' ind2='0' tag='710'>
			<subfield code='a'>United States.</subfield>
			<subfield code='b'>Federal Highway Administration.</subfield>
		</datafield>
		<datafield ind1=' ' ind2='0' tag='830'>
			<subfield code='a'>Report (National Cooperative Highway Research Program) ;</subfield>
			<subfield code='v'>256.</subfield>
		</datafield>
		<datafield ind1='0' ind2=' ' tag='852'>
			<subfield code='8'>22225274830003811</subfield>
			<subfield code='b'>MAIN</subfield>
			<subfield code='c'>remote</subfield>
			<subfield code='h'> TE7.N25 no.256 </subfield>
		</datafield>
		<datafield ind1=' ' ind2=' ' tag='902'>
			<subfield code='a'>091201</subfield>
		</datafield>
		<datafield ind1=' ' ind2=' ' tag='902'>
			<subfield code='a'>BOUND WITH: TE7.N25 no.255-259.</subfield>
		</datafield>
		<datafield ind1=' ' ind2=' ' tag='907'>
			<subfield code='a'>.b12501335</subfield>
			<subfield code='b'>k    </subfield>
			<subfield code='c'>-</subfield>
		</datafield>
		<datafield ind1=' ' ind2=' ' tag='935'>
			<subfield code='a'>00267116</subfield>
		</datafield>
		<datafield ind1=' ' ind2=' ' tag='945'>
			<subfield code='l'>kstk </subfield>
			<subfield code='g'>1</subfield>
		</datafield>
		<datafield ind1=' ' ind2=' ' tag='950'>
			<subfield code='l'>P</subfield>
			<subfield code='p'>7</subfield>
			<subfield code='i'>09/16/83 C</subfield>
		</datafield>
		<datafield ind1=' ' ind2=' ' tag='955'>
			<subfield code='l'>P</subfield>
			<subfield code='i'>09/16/83 C</subfield>
		</datafield>
		<datafield ind1=' ' ind2=' ' tag='998'>
			<subfield code='b'>1</subfield>
			<subfield code='c'>990101</subfield>
			<subfield code='d'>m</subfield>
			<subfield code='e'>a</subfield>
			<subfield code='f'>-</subfield>
			<subfield code='g'>0</subfield>
		</datafield>
		<datafield ind1=' ' ind2=' ' tag='998'>
			<subfield code='a'>09/16/83</subfield>
			<subfield code='t'>c</subfield>
			<subfield code='s'>9110</subfield>
			<subfield code='n'>PPT</subfield>
			<subfield code='w'>DCLC8274121B</subfield>
			<subfield code='d'>09/16/83</subfield>
			<subfield code='c'>LL</subfield>
			<subfield code='b'>BK</subfield>
			<subfield code='i'>830916</subfield>
			<subfield code='l'>PATG</subfield>
		</datafield>
		<datafield tag='HLD' >
		</datafield>
	</record>