
	<record>
		<leader>01093nam a22003250  4500</leader>
		<controlfield tag='001'>991012050099703811</controlfield>
		<controlfield tag='008'>830916s1983    mau      b    00010 eng  </controlfield>
		<datafield ind1=' ' ind2=' ' tag='010'>
			<subfield code='a'>83000176</subfield>
		</datafield>
		<datafield ind1=' ' ind2=' ' tag='020'>
			<subfield code='a'>0876740530 :</subfield>
			<subfield code='c'>$13.95</subfield>
		</datafield>
		<datafield ind1=' ' ind2=' ' tag='035'>
			<subfield code='a'>(PPT)b1250130x-01tuli_inst</subfield>
		</datafield>
		<datafield ind1=' ' ind2=' ' tag='035'>
			<subfield code='a'>ocn471185243</subfield>
			<subfield code='9'>ExL</subfield>
		</datafield>
		<datafield ind1=' ' ind2=' ' tag='035'>
			<subfield code='a'>PATG83-B29276</subfield>
		</datafield>
		<datafield ind1=' ' ind2=' ' tag='040'>
			<subfield code='d'>CSt</subfield>
		</datafield>
		<datafield ind1=' ' ind2=' ' tag='043'>
			<subfield code='a'>s-ve---</subfield>
		</datafield>
		<datafield ind1=' ' ind2=' ' tag='079'>
			<subfield code='a'>ocm09283177</subfield>
		</datafield>
		<datafield ind1=' ' ind2=' ' tag='090'>
			<subfield code='a'>D839.H3 no. 46</subfield>
		</datafield>
		<datafield ind1='1' ind2='0' tag='100'>
			<subfield code='a'>Oropeza, Luis J.</subfield>
			<subfield code='q'>(Luis José)</subfield>
		</datafield>
		<datafield ind1='1' ind2='0' tag='245'>
			<subfield code='a'>Tutelary pluralism :</subfield>
			<subfield code='b'>a critical approach to Venezuelan democracy /</subfield>
			<subfield code='c'>Luis J. Oropeza.</subfield>
		</datafield>
		<datafield ind1=' ' ind2=' ' tag='260'>
			<subfield code='a'>Cambridge, Mass. :</subfield>
			<subfield code='b'>Center for International Affairs, Harvard University,</subfield>
			<subfield code='c'>c1983.</subfield>
		</datafield>
		<datafield ind1=' ' ind2=' ' tag='300'>
			<subfield code='a'>xv, 127 p. ;</subfield>
			<subfield code='c'>23 cm.</subfield>
		</datafield>
		<datafield ind1=' ' ind2='0' tag='440'>
			<subfield code='a'>Harvard studies in international affairs ;</subfield>
			<subfield code='v'>no. 46</subfield>
		</datafield>
		<datafield ind1=' ' ind2=' ' tag='504'>
			<subfield code='a'>Bibliography: p. 113-116.</subfield>
		</datafield>
		<datafield ind1=' ' ind2='0' tag='650'>
			<subfield code='a'>Cultural pluralism</subfield>
			<subfield code='z'>Venezuela.</subfield>
		</datafield>
		<datafield ind1=' ' ind2='0' tag='651'>
			<subfield code='a'>Venezuela</subfield>
			<subfield code='x'>Politics and government</subfield>
			<subfield code='y'>1935-</subfield>
		</datafield>
		<datafield ind1='0' ind2=' ' tag='852'>
			<subfield code='8'>22225274730003811</subfield>
			<subfield code='b'>MAIN</subfield>
			<subfield code='c'>remote</subfield>
			<subfield code='h'> D839.H3 no. 46 </subfield>
		</datafield>
		<datafield ind1=' ' ind2=' ' tag='902'>
			<subfield code='a'>160106</subfield>
		</datafield>
		<datafield ind1=' ' ind2=' ' tag='907'>
			<subfield code='a'>.b1250130x</subfield>
			<subfield code='b'>k    </subfield>
			<subfield code='c'>-</subfield>
		</datafield>
		<datafield ind1=' ' ind2=' ' tag='935'>
			<subfield code='a'>00267113</subfield>
		</datafield>
		<datafield ind1=' ' ind2=' ' tag='945'>
			<subfield code='l'>kstk </subfield>
			<subfield code='g'>1</subfield>
		</datafield>
		<datafield ind1=' ' ind2=' ' tag='950'>
			<subfield code='l'>P</subfield>
			<subfield code='p'>7</subfield>
			<subfield code='i'>09/16/83 C</subfield>
		</datafield>
		<datafield ind1=' ' ind2=' ' tag='955'>
			<subfield code='l'>P</subfield>
			<subfield code='i'>09/16/83 C</subfield>
		</datafield>
		<datafield ind1=' ' ind2=' ' tag='998'>
			<subfield code='b'>1</subfield>
			<subfield code='c'>990101</subfield>
			<subfield code='d'>m</subfield>
			<subfield code='e'>a</subfield>
			<subfield code='f'>-</subfield>
			<subfield code='g'>0</subfield>
		</datafield>
		<datafield ind1=' ' ind2=' ' tag='998'>
			<subfield code='a'>09/16/83</subfield>
			<subfield code='t'>c</subfield>
			<subfield code='s'>9110</subfield>
			<subfield code='n'>PPT</subfield>
			<subfield code='w'>CSUG83B31892</subfield>
			<subfield code='d'>09/16/83</subfield>
			<subfield code='c'>LL</subfield>
			<subfield code='b'>BK</subfield>
			<subfield code='i'>830916</subfield>
			<subfield code='l'>PATG</subfield>
		</datafield>
		<datafield tag='HLD' >
		</datafield>
	</record>