
	<record>
		<leader>00881ccm a2200313Ia 4500</leader>
		<controlfield tag='001'>991012053299703811</controlfield>
		<controlfield tag='005'>20070706163854.0</controlfield>
		<controlfield tag='008'>051116s2005    enkzzz   ehi   n    zxx d</controlfield>
		<datafield ind1='2' ind2=' ' tag='024'>
			<subfield code='a'>M060117404</subfield>
		</datafield>
		<datafield ind1='2' ind2='2' tag='028'>
			<subfield code='a'>14143</subfield>
			<subfield code='b'>Boosey &amp; Hawkes</subfield>
		</datafield>
		<datafield ind1=' ' ind2=' ' tag='035'>
			<subfield code='a'>(PPT)b29707547-01tuli_inst</subfield>
		</datafield>
		<datafield ind1=' ' ind2=' ' tag='035'>
			<subfield code='a'>(OCoLC)ocn490857464</subfield>
			<subfield code='9'>ExL</subfield>
		</datafield>
		<datafield ind1=' ' ind2=' ' tag='035'>
			<subfield code='a'>(OCoLC)62291807</subfield>
		</datafield>
		<datafield ind1=' ' ind2=' ' tag='035'>
			<subfield code='a'>62291807</subfield>
		</datafield>
		<datafield ind1=' ' ind2=' ' tag='040'>
			<subfield code='a'>EQO</subfield>
			<subfield code='c'>EQO</subfield>
			<subfield code='d'>RES</subfield>
			<subfield code='d'>PPT</subfield>
		</datafield>
		<datafield ind1='0' ind2=' ' tag='041'>
			<subfield code='g'>eng</subfield>
			<subfield code='g'>fre</subfield>
			<subfield code='g'>ger</subfield>
		</datafield>
		<datafield ind1=' ' ind2=' ' tag='079'>
			<subfield code='a'>ocm62291807</subfield>
		</datafield>
		<datafield ind1=' ' ind2=' ' tag='090'>
			<subfield code='a'>M52.M167</subfield>
			<subfield code='b'>H431x 2005</subfield>
		</datafield>
		<datafield ind1='1' ind2=' ' tag='100'>
			<subfield code='a'>MacMillan, James,</subfield>
			<subfield code='d'>1959-</subfield>
		</datafield>
		<datafield ind1='1' ind2='0' tag='245'>
			<subfield code='a'>HB to MB :</subfield>
			<subfield code='b'>cello solo /</subfield>
			<subfield code='c'>James MacMillan.</subfield>
		</datafield>
		<datafield ind1=' ' ind2=' ' tag='260'>
			<subfield code='a'>London :</subfield>
			<subfield code='b'>Boosey &amp; Hawkes,</subfield>
			<subfield code='c'>c2005.</subfield>
		</datafield>
		<datafield ind1=' ' ind2=' ' tag='300'>
			<subfield code='a'>3 p. of music ;</subfield>
			<subfield code='c'>31 cm.</subfield>
		</datafield>
		<datafield ind1=' ' ind2=' ' tag='500'>
			<subfield code='a'>Biographical note in English, French and German.</subfield>
		</datafield>
		<datafield ind1=' ' ind2=' ' tag='500'>
			<subfield code='a'>Duration: 3:00.</subfield>
		</datafield>
		<datafield ind1=' ' ind2='0' tag='650'>
			<subfield code='a'>Cello music.</subfield>
		</datafield>
		<datafield ind1='0' ind2=' ' tag='852'>
			<subfield code='8'>22145344540003811</subfield>
			<subfield code='b'>MAIN</subfield>
			<subfield code='c'>stacks</subfield>
			<subfield code='h'>M52.M167</subfield>
			<subfield code='i'>H431x 2005</subfield>
		</datafield>
		<datafield ind1=' ' ind2=' ' tag='902'>
			<subfield code='a'>130420</subfield>
		</datafield>
		<datafield ind1=' ' ind2=' ' tag='907'>
			<subfield code='a'>.b29707547</subfield>
			<subfield code='b'>p    </subfield>
			<subfield code='c'>-</subfield>
		</datafield>
		<datafield ind1=' ' ind2=' ' tag='945'>
			<subfield code='l'>pstk </subfield>
			<subfield code='g'>1</subfield>
		</datafield>
		<datafield ind1=' ' ind2=' ' tag='998'>
			<subfield code='b'>0</subfield>
			<subfield code='c'>070706</subfield>
			<subfield code='d'>m</subfield>
			<subfield code='e'>c</subfield>
			<subfield code='f'>-</subfield>
			<subfield code='g'>0</subfield>
		</datafield>
		<datafield ind1=' ' ind2=' ' tag='998'>
			<subfield code='a'>07/06/07</subfield>
			<subfield code='s'>OCLC</subfield>
			<subfield code='c'>cep </subfield>
		</datafield>
		<datafield tag='HLD' >
		</datafield>
	</record>