
	<record>
		<leader>01137nam a22003730  4500</leader>
		<controlfield tag='001'>991012054769703811</controlfield>
		<controlfield tag='008'>830919s1983    nyu      b    00000 eng  </controlfield>
		<datafield ind1=' ' ind2=' ' tag='010'>
			<subfield code='a'>83001233</subfield>
		</datafield>
		<datafield ind1=' ' ind2=' ' tag='020'>
			<subfield code='a'>0824206843 (pbk.) :</subfield>
			<subfield code='c'>$6.25</subfield>
		</datafield>
		<datafield ind1=' ' ind2=' ' tag='035'>
			<subfield code='a'>(PPT)b12502297-01tuli_inst</subfield>
		</datafield>
		<datafield ind1=' ' ind2=' ' tag='035'>
			<subfield code='a'>ocn471185364</subfield>
			<subfield code='9'>ExL</subfield>
		</datafield>
		<datafield ind1=' ' ind2=' ' tag='035'>
			<subfield code='a'>PATG83-B29413</subfield>
		</datafield>
		<datafield ind1=' ' ind2=' ' tag='043'>
			<subfield code='a'>n-us---</subfield>
			<subfield code='a'>e------</subfield>
		</datafield>
		<datafield ind1=' ' ind2=' ' tag='079'>
			<subfield code='a'>ocm09254866</subfield>
		</datafield>
		<datafield ind1=' ' ind2=' ' tag='090'>
			<subfield code='a'>PN4181.R33 v.55 no.2</subfield>
		</datafield>
		<datafield ind1='0' ind2='4' tag='245'>
			<subfield code='a'>The Nuclear freeze debate /</subfield>
			<subfield code='c'>edited by Christopher A. Kojm.</subfield>
		</datafield>
		<datafield ind1=' ' ind2=' ' tag='260'>
			<subfield code='a'>New York :</subfield>
			<subfield code='b'>H.H. Wilson,</subfield>
			<subfield code='c'>1983.</subfield>
		</datafield>
		<datafield ind1=' ' ind2=' ' tag='300'>
			<subfield code='a'>221 p. ;</subfield>
			<subfield code='c'>19 cm.</subfield>
		</datafield>
		<datafield ind1=' ' ind2='4' tag='440'>
			<subfield code='a'>The Reference shelf ;</subfield>
			<subfield code='v'>v. 55, no. 2</subfield>
		</datafield>
		<datafield ind1=' ' ind2=' ' tag='504'>
			<subfield code='a'>Bibliography: p. 211-221.</subfield>
		</datafield>
		<datafield ind1=' ' ind2='0' tag='650'>
			<subfield code='a'>Nuclear weapons.</subfield>
		</datafield>
		<datafield ind1=' ' ind2='0' tag='650'>
			<subfield code='a'>Military policy.</subfield>
		</datafield>
		<datafield ind1=' ' ind2='0' tag='650'>
			<subfield code='a'>Antinuclear movement</subfield>
			<subfield code='z'>United States.</subfield>
		</datafield>
		<datafield ind1=' ' ind2='0' tag='650'>
			<subfield code='a'>Antinuclear movement</subfield>
			<subfield code='z'>Europe.</subfield>
		</datafield>
		<datafield ind1='1' ind2='0' tag='700'>
			<subfield code='a'>Kojm, Christopher A.</subfield>
		</datafield>
		<datafield ind1='0' ind2=' ' tag='852'>
			<subfield code='8'>22225870350003811</subfield>
			<subfield code='b'>MAIN</subfield>
			<subfield code='c'>remote</subfield>
			<subfield code='h'> PN4181.R33 v.55 no.2 </subfield>
		</datafield>
		<datafield ind1='0' ind2=' ' tag='852'>
			<subfield code='8'>2290849900003811</subfield>
			<subfield code='b'>AMBLER</subfield>
			<subfield code='c'>stacks</subfield>
			<subfield code='h'>PN4181.R33 v.55 no.2</subfield>
		</datafield>
		<datafield ind1=' ' ind2=' ' tag='902'>
			<subfield code='a'>091201</subfield>
		</datafield>
		<datafield ind1=' ' ind2=' ' tag='907'>
			<subfield code='a'>.b12502297</subfield>
			<subfield code='b'>multi</subfield>
			<subfield code='c'>-</subfield>
		</datafield>
		<datafield ind1=' ' ind2=' ' tag='935'>
			<subfield code='a'>00267217</subfield>
		</datafield>
		<datafield ind1=' ' ind2=' ' tag='945'>
			<subfield code='l'>astk </subfield>
			<subfield code='g'>1</subfield>
		</datafield>
		<datafield ind1=' ' ind2=' ' tag='945'>
			<subfield code='l'>kstk </subfield>
			<subfield code='g'>1</subfield>
		</datafield>
		<datafield ind1=' ' ind2=' ' tag='950'>
			<subfield code='l'>P</subfield>
			<subfield code='p'>7</subfield>
			<subfield code='i'>09/19/83 C</subfield>
		</datafield>
		<datafield ind1=' ' ind2=' ' tag='950'>
			<subfield code='l'>AMB</subfield>
			<subfield code='i'>09/19/83 C</subfield>
		</datafield>
		<datafield ind1=' ' ind2=' ' tag='955'>
			<subfield code='l'>P</subfield>
			<subfield code='i'>09/19/83 C</subfield>
		</datafield>
		<datafield ind1=' ' ind2=' ' tag='955'>
			<subfield code='l'>AMB</subfield>
			<subfield code='i'>09/19/83 C</subfield>
		</datafield>
		<datafield ind1=' ' ind2=' ' tag='998'>
			<subfield code='b'>2</subfield>
			<subfield code='c'>990101</subfield>
			<subfield code='d'>m</subfield>
			<subfield code='e'>a</subfield>
			<subfield code='f'>-</subfield>
			<subfield code='g'>4</subfield>
		</datafield>
		<datafield ind1=' ' ind2=' ' tag='998'>
			<subfield code='a'>09/19/83</subfield>
			<subfield code='t'>c</subfield>
			<subfield code='s'>9110</subfield>
			<subfield code='n'>PPT</subfield>
			<subfield code='w'>AZPG83B2968</subfield>
			<subfield code='d'>09/19/83</subfield>
			<subfield code='c'>LL</subfield>
			<subfield code='b'>BK</subfield>
			<subfield code='i'>830919</subfield>
			<subfield code='l'>PATG</subfield>
		</datafield>
		<datafield tag='HLD' >
		</datafield>
	</record>