
	<record>
		<leader>01133pam a2200361 a 4500</leader>
		<controlfield tag='001'>991012055149703811</controlfield>
		<controlfield tag='005'>19940627000000.0</controlfield>
		<controlfield tag='008'>931104s1994    xxu||||  |||| 00||0|eng d</controlfield>
		<datafield ind1=' ' ind2=' ' tag='010'>
			<subfield code='a'>93-43087</subfield>
		</datafield>
		<datafield ind1=' ' ind2=' ' tag='020'>
			<subfield code='a'>0079111343 (set)</subfield>
		</datafield>
		<datafield ind1=' ' ind2=' ' tag='020'>
			<subfield code='a'>0070195587 (v. 1)</subfield>
		</datafield>
		<datafield ind1=' ' ind2=' ' tag='020'>
			<subfield code='a'>0070195595 (v. 2)</subfield>
		</datafield>
		<datafield ind1=' ' ind2=' ' tag='035'>
			<subfield code='a'>(PPT)b2102747x-01tuli_inst</subfield>
		</datafield>
		<datafield ind1=' ' ind2=' ' tag='035'>
			<subfield code='a'>(DNLM)9317616     </subfield>
			<subfield code='9'>ExL</subfield>
		</datafield>
		<datafield ind1=' ' ind2=' ' tag='040'>
			<subfield code='a'>DNLM</subfield>
			<subfield code='c'>DNLM</subfield>
			<subfield code='d'>DNLM</subfield>
		</datafield>
		<datafield ind1=' ' ind2=' ' tag='040'>
			<subfield code='c'>Charles E. Krausz Library</subfield>
		</datafield>
		<datafield ind1=' ' ind2=' ' tag='049'>
			<subfield code='d'>19950921</subfield>
			<subfield code='v'>1</subfield>
		</datafield>
		<datafield ind1=' ' ind2=' ' tag='096'>
			<subfield code='a'>WE 500 M997 1994</subfield>
		</datafield>
		<datafield ind1='0' ind2='0' tag='245'>
			<subfield code='a'>Myology :</subfield>
			<subfield code='b'>basic and clinical /</subfield>
			<subfield code='c'>editors, Andrew G. Engel, Clara Franzini-Armstrong.</subfield>
		</datafield>
		<datafield ind1=' ' ind2=' ' tag='250'>
			<subfield code='a'>2nd ed.</subfield>
		</datafield>
		<datafield ind1=' ' ind2=' ' tag='260'>
			<subfield code='a'>New York :</subfield>
			<subfield code='b'>McGraw-Hill, Health Professions Division,</subfield>
			<subfield code='c'>c1994.</subfield>
		</datafield>
		<datafield ind1=' ' ind2=' ' tag='300'>
			<subfield code='a'>2 v. (xxi, 1937, 44 p.) :</subfield>
			<subfield code='b'>ill.</subfield>
		</datafield>
		<datafield ind1=' ' ind2=' ' tag='504'>
			<subfield code='a'>Includes bibliographical references and index.</subfield>
		</datafield>
		<datafield ind1='1' ind2='2' tag='650'>
			<subfield code='a'>Muscles</subfield>
			<subfield code='x'>anatomy &amp; histology.</subfield>
		</datafield>
		<datafield ind1='2' ind2='2' tag='650'>
			<subfield code='a'>Muscles</subfield>
			<subfield code='x'>physiology.</subfield>
		</datafield>
		<datafield ind1='2' ind2='2' tag='650'>
			<subfield code='a'>Neuromuscular Diseases.</subfield>
		</datafield>
		<datafield ind1='1' ind2='1' tag='700'>
			<subfield code='a'>Engel, Andrew.</subfield>
		</datafield>
		<datafield ind1='1' ind2='1' tag='700'>
			<subfield code='a'>Franzini-Armstrong, Clara.</subfield>
		</datafield>
		<datafield ind1='2' ind2=' ' tag='852'>
			<subfield code='8'>22109162600003811</subfield>
			<subfield code='b'>PODIATRY</subfield>
			<subfield code='c'>stacks</subfield>
			<subfield code='h'>WE 500 M997 1994</subfield>
		</datafield>
		<datafield ind1=' ' ind2=' ' tag='902'>
			<subfield code='a'>000428</subfield>
		</datafield>
		<datafield ind1=' ' ind2=' ' tag='907'>
			<subfield code='a'>.b2102747x</subfield>
			<subfield code='b'>hp   </subfield>
			<subfield code='c'>-</subfield>
		</datafield>
		<datafield ind1=' ' ind2=' ' tag='935'>
			<subfield code='a'>(CD )30713080</subfield>
		</datafield>
		<datafield ind1=' ' ind2=' ' tag='945'>
			<subfield code='l'>hpbst</subfield>
			<subfield code='u'>v.v.1</subfield>
			<subfield code='g'>1</subfield>
		</datafield>
		<datafield ind1=' ' ind2=' ' tag='945'>
			<subfield code='l'>hpbst</subfield>
			<subfield code='a'>WE 500 M997 1994</subfield>
			<subfield code='u'>v.v.2</subfield>
			<subfield code='g'>1</subfield>
		</datafield>
		<datafield ind1=' ' ind2=' ' tag='998'>
			<subfield code='b'>1</subfield>
			<subfield code='c'>000101</subfield>
			<subfield code='d'>m</subfield>
			<subfield code='e'>a</subfield>
			<subfield code='f'>-</subfield>
			<subfield code='g'>0</subfield>
		</datafield>
		<datafield tag='HLD' >
		</datafield>
	</record>