
	<record>
		<leader>02000nam a22003610  4500</leader>
		<controlfield tag='001'>991012056609703811</controlfield>
		<controlfield tag='008'>830919s1983    ilu      b    00100 eng  </controlfield>
		<datafield ind1=' ' ind2=' ' tag='010'>
			<subfield code='a'>82019145</subfield>
		</datafield>
		<datafield ind1=' ' ind2=' ' tag='020'>
			<subfield code='a'>0809311097</subfield>
		</datafield>
		<datafield ind1=' ' ind2=' ' tag='035'>
			<subfield code='a'>(PPT)b12502662-01tuli_inst</subfield>
		</datafield>
		<datafield ind1=' ' ind2=' ' tag='035'>
			<subfield code='a'>ocn471185410</subfield>
			<subfield code='9'>ExL</subfield>
		</datafield>
		<datafield ind1=' ' ind2=' ' tag='035'>
			<subfield code='a'>PATG83-B29480</subfield>
		</datafield>
		<datafield ind1=' ' ind2=' ' tag='040'>
			<subfield code='d'>NhD</subfield>
		</datafield>
		<datafield ind1=' ' ind2=' ' tag='043'>
			<subfield code='a'>n-us---</subfield>
		</datafield>
		<datafield ind1=' ' ind2=' ' tag='079'>
			<subfield code='a'>ocm08866522</subfield>
		</datafield>
		<datafield ind1=' ' ind2=' ' tag='090'>
			<subfield code='a'>E875.P73 1983</subfield>
		</datafield>
		<datafield ind1='0' ind2='4' tag='245'>
			<subfield code='a'>The Presidential election and transition, 1980-1981 /</subfield>
			<subfield code='c'>edited by Paul T. David and David H. Everson.</subfield>
		</datafield>
		<datafield ind1=' ' ind2=' ' tag='260'>
			<subfield code='a'>Carbondale :</subfield>
			<subfield code='b'>Southern Illinois University Press,</subfield>
			<subfield code='c'>c1983.</subfield>
		</datafield>
		<datafield ind1=' ' ind2=' ' tag='263'>
			<subfield code='a'>8307</subfield>
		</datafield>
		<datafield ind1=' ' ind2=' ' tag='300'>
			<subfield code='a'>xi, 258 p. ;</subfield>
			<subfield code='c'>24 cm.</subfield>
		</datafield>
		<datafield ind1=' ' ind2=' ' tag='504'>
			<subfield code='a'>Includes bibliographical references and index.</subfield>
		</datafield>
		<datafield ind1='0' ind2=' ' tag='505'>
			<subfield code='a'>The presidential nominating process in 1980 / William Crotty -- The 1980 Democratic primary in Illinois / John S. Jackson III -- The 1980 Republican presidential primary in Illinois : a challenging barrier / James D. Nowlan -- The national conventions of 1980 / Paul T. David -- The presidential campaign of 1980 / David H. Everson -- Minorities in the politics of 1980 / Lois B. Moreland -- Financing the campaigns and parties of 1980 / Herbert E. Alexander -- Media influence in presidential politics / Robert D. McClure -- The election of 1980 and its consequences / Paul T. David -- Illinois and the presidential election of 1980 / Peter W. Colby and Paul M. Green -- The transition : from nomination to inauguration / Laurin L. Henry : American parties in the eighties : declining or resurging? / James W. Ceaser.</subfield>
		</datafield>
		<datafield ind1=' ' ind2='0' tag='650'>
			<subfield code='a'>Presidents</subfield>
			<subfield code='z'>United States</subfield>
			<subfield code='x'>Election</subfield>
			<subfield code='y'>1980.</subfield>
		</datafield>
		<datafield ind1=' ' ind2='0' tag='650'>
			<subfield code='a'>Presidents</subfield>
			<subfield code='z'>United States</subfield>
			<subfield code='x'>Transition periods.</subfield>
		</datafield>
		<datafield ind1=' ' ind2='0' tag='651'>
			<subfield code='a'>United States</subfield>
			<subfield code='x'>Politics and government</subfield>
			<subfield code='y'>1977-1981.</subfield>
		</datafield>
		<datafield ind1='1' ind2='0' tag='700'>
			<subfield code='a'>David, Paul Theodore,</subfield>
			<subfield code='d'>1906-</subfield>
		</datafield>
		<datafield ind1='1' ind2='0' tag='700'>
			<subfield code='a'>Everson, David H.,</subfield>
			<subfield code='d'>1941-</subfield>
		</datafield>
		<datafield ind1='0' ind2=' ' tag='852'>
			<subfield code='8'>2291117550003811</subfield>
			<subfield code='b'>MAIN</subfield>
			<subfield code='c'>stacks</subfield>
			<subfield code='h'>E875.P73 1983</subfield>
		</datafield>
		<datafield ind1=' ' ind2=' ' tag='902'>
			<subfield code='a'>091201</subfield>
		</datafield>
		<datafield ind1=' ' ind2=' ' tag='907'>
			<subfield code='a'>.b12502662</subfield>
			<subfield code='b'>p    </subfield>
			<subfield code='c'>-</subfield>
		</datafield>
		<datafield ind1=' ' ind2=' ' tag='935'>
			<subfield code='a'>00267254</subfield>
		</datafield>
		<datafield ind1=' ' ind2=' ' tag='945'>
			<subfield code='l'>pstk </subfield>
			<subfield code='g'>1</subfield>
		</datafield>
		<datafield ind1=' ' ind2=' ' tag='950'>
			<subfield code='l'>P</subfield>
			<subfield code='i'>09/19/83 C</subfield>
		</datafield>
		<datafield ind1=' ' ind2=' ' tag='955'>
			<subfield code='l'>P</subfield>
			<subfield code='i'>09/19/83 C</subfield>
		</datafield>
		<datafield ind1=' ' ind2=' ' tag='998'>
			<subfield code='b'>1</subfield>
			<subfield code='c'>990101</subfield>
			<subfield code='d'>m</subfield>
			<subfield code='e'>a</subfield>
			<subfield code='f'>-</subfield>
			<subfield code='g'>4</subfield>
		</datafield>
		<datafield ind1=' ' ind2=' ' tag='998'>
			<subfield code='a'>09/19/83</subfield>
			<subfield code='t'>c</subfield>
			<subfield code='s'>9110</subfield>
			<subfield code='n'>PPT</subfield>
			<subfield code='w'>NHDG83B13133</subfield>
			<subfield code='d'>09/19/83</subfield>
			<subfield code='b'>RF</subfield>
			<subfield code='i'>830919</subfield>
			<subfield code='l'>PATG</subfield>
		</datafield>
		<datafield tag='HLD' >
		</datafield>
	</record>