
	<record>
		<leader>01322cam a2200313 a 4500</leader>
		<controlfield tag='001'>991012065429703811</controlfield>
		<controlfield tag='005'>20040210180633.0</controlfield>
		<controlfield tag='008'>040120s2004    enk      b    001 0 eng  </controlfield>
		<datafield ind1=' ' ind2=' ' tag='010'>
			<subfield code='a'>2004001291</subfield>
		</datafield>
		<datafield ind1=' ' ind2=' ' tag='020'>
			<subfield code='a'>0415328357 (hardcover)</subfield>
		</datafield>
		<datafield ind1=' ' ind2=' ' tag='035'>
			<subfield code='a'>(PPT)b29710959-01tuli_inst</subfield>
		</datafield>
		<datafield ind1=' ' ind2=' ' tag='035'>
			<subfield code='a'>ocn490858518</subfield>
			<subfield code='9'>ExL</subfield>
		</datafield>
		<datafield ind1=' ' ind2=' ' tag='035'>
			<subfield code='a'>PPTb29710959</subfield>
		</datafield>
		<datafield ind1=' ' ind2=' ' tag='040'>
			<subfield code='a'>DLC</subfield>
			<subfield code='c'>DLC</subfield>
			<subfield code='d'>DLC</subfield>
			<subfield code='d'>PPT</subfield>
		</datafield>
		<datafield ind1=' ' ind2=' ' tag='042'>
			<subfield code='a'>pcc</subfield>
		</datafield>
		<datafield ind1=' ' ind2=' ' tag='079'>
			<subfield code='a'>ocm54103818</subfield>
		</datafield>
		<datafield ind1=' ' ind2=' ' tag='090'>
			<subfield code='a'>JZ1305</subfield>
			<subfield code='b'>.C663 2004</subfield>
		</datafield>
		<datafield ind1='1' ind2=' ' tag='100'>
			<subfield code='a'>Constantinou, Costas M.</subfield>
		</datafield>
		<datafield ind1='1' ind2='0' tag='245'>
			<subfield code='a'>States of political discourse :</subfield>
			<subfield code='b'>words, regimes, seditions /</subfield>
			<subfield code='c'>Costas M. Constantinou.</subfield>
		</datafield>
		<datafield ind1=' ' ind2=' ' tag='260'>
			<subfield code='a'>London ;</subfield>
			<subfield code='a'>New York :</subfield>
			<subfield code='b'>Routledge,</subfield>
			<subfield code='c'>2004.</subfield>
		</datafield>
		<datafield ind1=' ' ind2=' ' tag='300'>
			<subfield code='a'>xvii, 189 p. ;</subfield>
			<subfield code='c'>24 cm.</subfield>
		</datafield>
		<datafield ind1=' ' ind2=' ' tag='504'>
			<subfield code='a'>Includes bibliographical references and index.</subfield>
		</datafield>
		<datafield ind1='0' ind2=' ' tag='505'>
			<subfield code='a'>Stasis, or the seditious state -- States, ethnocratic states, and states within -- Representations of sovereignty on the Himalayas -- Piracy, knight-errantry, statehood -- Poetics of security -- Diplomacy, grotesque realism, and Ottoman historiography -- NATO&apos;s caps -- Europa mythica -- Hippopolis/cynopolis -- Hypostasis.</subfield>
		</datafield>
		<datafield ind1=' ' ind2='0' tag='650'>
			<subfield code='a'>International relations</subfield>
			<subfield code='x'>Philosophy.</subfield>
		</datafield>
		<datafield ind1=' ' ind2='0' tag='650'>
			<subfield code='a'>State, The.</subfield>
		</datafield>
		<datafield ind1='4' ind2='0' tag='856'>
			<subfield code='z'>PDF version.</subfield>
			<subfield code='u'>http://www.loc.gov/catdir/toc/ecip0413/2004001291.html</subfield>
		</datafield>
		<datafield ind1=' ' ind2=' ' tag='902'>
			<subfield code='a'>110512</subfield>
		</datafield>
		<datafield ind1=' ' ind2=' ' tag='907'>
			<subfield code='a'>.b29710959</subfield>
			<subfield code='b'>p    </subfield>
			<subfield code='c'>-</subfield>
		</datafield>
		<datafield ind1=' ' ind2=' ' tag='945'>
			<subfield code='l'>pstk </subfield>
			<subfield code='g'>1</subfield>
		</datafield>
		<datafield ind1=' ' ind2=' ' tag='998'>
			<subfield code='b'>0</subfield>
			<subfield code='c'>060509</subfield>
			<subfield code='d'>m</subfield>
			<subfield code='e'>a</subfield>
			<subfield code='f'>-</subfield>
			<subfield code='g'>0</subfield>
		</datafield>
		<datafield ind1=' ' ind2=' ' tag='998'>
			<subfield code='a'>05/09/06</subfield>
			<subfield code='s'>CIP</subfield>
			<subfield code='c'>AT</subfield>
		</datafield>
		<datafield tag='PRT' >
		</datafield>
	</record>