
	<record>
		<leader>01056cam a22003254a 4500</leader>
		<controlfield tag='001'>991012066969703811</controlfield>
		<controlfield tag='005'>20050518145638.0</controlfield>
		<controlfield tag='008'>040702s2005    enka     b    001 0 eng  </controlfield>
		<datafield ind1=' ' ind2=' ' tag='010'>
			<subfield code='a'>2004056074</subfield>
		</datafield>
		<datafield ind1=' ' ind2=' ' tag='020'>
			<subfield code='a'>1403935831</subfield>
		</datafield>
		<datafield ind1=' ' ind2=' ' tag='035'>
			<subfield code='a'>(PPT)b29711277-01tuli_inst</subfield>
		</datafield>
		<datafield ind1=' ' ind2=' ' tag='035'>
			<subfield code='a'>ocn490858699</subfield>
			<subfield code='9'>ExL</subfield>
		</datafield>
		<datafield ind1=' ' ind2=' ' tag='035'>
			<subfield code='a'>PPTb29711277</subfield>
		</datafield>
		<datafield ind1=' ' ind2=' ' tag='040'>
			<subfield code='a'>DLC</subfield>
			<subfield code='c'>DLC</subfield>
			<subfield code='d'>DLC</subfield>
		</datafield>
		<datafield ind1=' ' ind2=' ' tag='042'>
			<subfield code='a'>pcc</subfield>
		</datafield>
		<datafield ind1=' ' ind2=' ' tag='079'>
			<subfield code='a'>ocm55948023</subfield>
		</datafield>
		<datafield ind1=' ' ind2=' ' tag='090'>
			<subfield code='a'>JF1351</subfield>
			<subfield code='b'>.C377 2005</subfield>
		</datafield>
		<datafield ind1='0' ind2='0' tag='245'>
			<subfield code='a'>Challenges to state policy capacity :</subfield>
			<subfield code='b'>global trends and comparative perspectives /</subfield>
			<subfield code='c'>edited by Martin Painter and Jon Pierre.</subfield>
		</datafield>
		<datafield ind1=' ' ind2=' ' tag='260'>
			<subfield code='a'>Houndmills, Basingstoke, Hampshire ;</subfield>
			<subfield code='a'>New York :</subfield>
			<subfield code='b'>Palgrave Macmillan,</subfield>
			<subfield code='c'>2005.</subfield>
		</datafield>
		<datafield ind1=' ' ind2=' ' tag='300'>
			<subfield code='a'>ix, 287 p. :</subfield>
			<subfield code='b'>ill. ;</subfield>
			<subfield code='c'>23 cm.</subfield>
		</datafield>
		<datafield ind1=' ' ind2=' ' tag='504'>
			<subfield code='a'>Includes bibliographical references and index.</subfield>
		</datafield>
		<datafield ind1=' ' ind2='0' tag='650'>
			<subfield code='a'>Public administration.</subfield>
		</datafield>
		<datafield ind1=' ' ind2='0' tag='650'>
			<subfield code='a'>Comparative government.</subfield>
		</datafield>
		<datafield ind1=' ' ind2='0' tag='650'>
			<subfield code='a'>Urban policy.</subfield>
		</datafield>
		<datafield ind1=' ' ind2='0' tag='650'>
			<subfield code='a'>Globalization</subfield>
			<subfield code='x'>Political aspects.</subfield>
		</datafield>
		<datafield ind1='1' ind2=' ' tag='700'>
			<subfield code='a'>Painter, Martin,</subfield>
			<subfield code='d'>1947-</subfield>
		</datafield>
		<datafield ind1='1' ind2=' ' tag='700'>
			<subfield code='a'>Pierre, Jon.</subfield>
		</datafield>
		<datafield ind1=' ' ind2=' ' tag='902'>
			<subfield code='a'>110512</subfield>
		</datafield>
		<datafield ind1=' ' ind2=' ' tag='907'>
			<subfield code='a'>.b29711277</subfield>
			<subfield code='b'>p    </subfield>
			<subfield code='c'>-</subfield>
		</datafield>
		<datafield ind1=' ' ind2=' ' tag='945'>
			<subfield code='l'>pstk </subfield>
			<subfield code='g'>1</subfield>
		</datafield>
		<datafield ind1=' ' ind2=' ' tag='998'>
			<subfield code='b'>0</subfield>
			<subfield code='c'>060324</subfield>
			<subfield code='d'>m</subfield>
			<subfield code='e'>a</subfield>
			<subfield code='f'>-</subfield>
			<subfield code='g'>0</subfield>
		</datafield>
		<datafield ind1=' ' ind2=' ' tag='998'>
			<subfield code='a'>03/24/06</subfield>
			<subfield code='s'>LC</subfield>
			<subfield code='c'>AT</subfield>
		</datafield>
		<datafield tag='HLD' >
		</datafield>
	</record>