
	<record>
		<leader>01603cgm a2200373 a 4500</leader>
		<controlfield tag='001'>991012069929703811</controlfield>
		<controlfield tag='005'>19940823000000.0</controlfield>
		<controlfield tag='007'>vf|ccahru</controlfield>
		<controlfield tag='008'>890803s1989    xxu018||||||| ||||vueng b</controlfield>
		<datafield ind1=' ' ind2=' ' tag='035'>
			<subfield code='a'>(PPT)b21030893-01tuli_inst</subfield>
		</datafield>
		<datafield ind1=' ' ind2=' ' tag='035'>
			<subfield code='a'>(DNLM)8901360A    </subfield>
			<subfield code='9'>ExL</subfield>
		</datafield>
		<datafield ind1=' ' ind2=' ' tag='040'>
			<subfield code='a'>DNLM</subfield>
			<subfield code='c'>DNLM</subfield>
			<subfield code='d'>DNLM</subfield>
		</datafield>
		<datafield ind1=' ' ind2=' ' tag='040'>
			<subfield code='c'>Charles E. Krausz Library</subfield>
		</datafield>
		<datafield ind1=' ' ind2=' ' tag='049'>
			<subfield code='a'>V/T</subfield>
			<subfield code='d'>19890101</subfield>
			<subfield code='v'>1</subfield>
		</datafield>
		<datafield ind1=' ' ind2=' ' tag='096'>
			<subfield code='a'>WE755 U62 1989</subfield>
		</datafield>
		<datafield ind1='0' ind2='0' tag='245'>
			<subfield code='a'>Update low back pain</subfield>
			<subfield code='h'>[videorecording] /</subfield>
			<subfield code='c'>with Neil Kahanovitz.</subfield>
		</datafield>
		<datafield ind1=' ' ind2=' ' tag='260'>
			<subfield code='a'>Secaucus, N.J. :</subfield>
			<subfield code='b'>Network for Continuing Medical Education,</subfield>
			<subfield code='c'>c1989.</subfield>
		</datafield>
		<datafield ind1=' ' ind2=' ' tag='300'>
			<subfield code='a'>1 videocassette (18 min.) :</subfield>
			<subfield code='b'>sd., col. ;</subfield>
			<subfield code='c'>3/4 in. +</subfield>
			<subfield code='e'>1 booklet.</subfield>
		</datafield>
		<datafield ind1='1' ind2=' ' tag='490'>
			<subfield code='a'>NCME telecourse ;</subfield>
			<subfield code='v'>no. 546</subfield>
		</datafield>
		<datafield ind1=' ' ind2=' ' tag='500'>
			<subfield code='a'>Bibliographic source data supplied by NCME.</subfield>
		</datafield>
		<datafield ind1=' ' ind2=' ' tag='501'>
			<subfield code='a'>With: NIH Consensus Conference, urinary incontinence in adults -- Cataract surgery and intraocular lens implantation.</subfield>
		</datafield>
		<datafield ind1='8' ind2=' ' tag='520'>
			<subfield code='a'>Presents current modalities in the diagnosis and management of low back pain.  Describes conservative therapies with a conservative attitude towards surgical procedure.</subfield>
		</datafield>
		<datafield ind1=' ' ind2=' ' tag='530'>
			<subfield code='a'>Issued also as a 1/2 in. videocassette.</subfield>
		</datafield>
		<datafield ind1=' ' ind2='2' tag='650'>
			<subfield code='a'>Back Pain</subfield>
			<subfield code='x'>diagnosis</subfield>
			<subfield code='v'>videocassettes.</subfield>
		</datafield>
		<datafield ind1=' ' ind2='2' tag='650'>
			<subfield code='a'>Back Pain</subfield>
			<subfield code='x'>therapy</subfield>
			<subfield code='v'>videocassettes.</subfield>
		</datafield>
		<datafield ind1='1' ind2='1' tag='700'>
			<subfield code='a'>Kahanovitz, Neil.</subfield>
		</datafield>
		<datafield ind1='2' ind2='1' tag='710'>
			<subfield code='a'>Network for Continuing Medical Education.</subfield>
		</datafield>
		<datafield ind1='0' ind2='1' tag='740'>
			<subfield code='a'>NIH consensus conference, urinary incontinence in adults.</subfield>
		</datafield>
		<datafield ind1='0' ind2='1' tag='740'>
			<subfield code='a'>Cataract surgery and intraocular lens implantation.</subfield>
		</datafield>
		<datafield ind1=' ' ind2='0' tag='830'>
			<subfield code='a'>Network for Continuing Medical Education (Series) ;</subfield>
			<subfield code='v'>no. 546</subfield>
		</datafield>
		<datafield ind1=' ' ind2=' ' tag='902'>
			<subfield code='a'>160812</subfield>
		</datafield>
		<datafield ind1=' ' ind2=' ' tag='907'>
			<subfield code='a'>.b21030893</subfield>
			<subfield code='b'>hp   </subfield>
			<subfield code='c'>n</subfield>
		</datafield>
		<datafield ind1=' ' ind2=' ' tag='935'>
			<subfield code='a'>(CD )30635606</subfield>
		</datafield>
		<datafield ind1=' ' ind2=' ' tag='945'>
			<subfield code='l'>hpvid</subfield>
			<subfield code='g'>1</subfield>
		</datafield>
		<datafield ind1=' ' ind2=' ' tag='998'>
			<subfield code='b'>1</subfield>
			<subfield code='c'>000101</subfield>
			<subfield code='d'>m</subfield>
			<subfield code='e'>3</subfield>
			<subfield code='f'>n</subfield>
			<subfield code='g'>0</subfield>
		</datafield>
		<datafield tag='HLD' >
		</datafield>
	</record>