
	<record>
		<leader>01621cgm a2200361 a 4500</leader>
		<controlfield tag='001'>991012071489703811</controlfield>
		<controlfield tag='005'>19930505000000.0</controlfield>
		<controlfield tag='007'>vf|ccahru</controlfield>
		<controlfield tag='008'>890803s1989    xxu048| ||||| ||||vueng b</controlfield>
		<datafield ind1=' ' ind2=' ' tag='035'>
			<subfield code='a'>(PPT)b21031186-01tuli_inst</subfield>
		</datafield>
		<datafield ind1=' ' ind2=' ' tag='035'>
			<subfield code='a'>(DNLM)8901319A    </subfield>
			<subfield code='9'>ExL</subfield>
		</datafield>
		<datafield ind1=' ' ind2=' ' tag='037'>
			<subfield code='b'>Network for Continuing Medical Education</subfield>
		</datafield>
		<datafield ind1=' ' ind2=' ' tag='040'>
			<subfield code='a'>DNLM</subfield>
			<subfield code='c'>DNLM</subfield>
			<subfield code='d'>DNLM</subfield>
		</datafield>
		<datafield ind1=' ' ind2=' ' tag='040'>
			<subfield code='c'>Charles E. Krausz Library</subfield>
		</datafield>
		<datafield ind1=' ' ind2=' ' tag='049'>
			<subfield code='a'>V/T</subfield>
			<subfield code='d'>19890101</subfield>
			<subfield code='v'>1</subfield>
		</datafield>
		<datafield ind1=' ' ind2=' ' tag='096'>
			<subfield code='a'>WH500 H52h 1989</subfield>
		</datafield>
		<datafield ind1='0' ind2='0' tag='245'>
			<subfield code='a'>Hodgkin&apos;s disease</subfield>
			<subfield code='h'>[videorecording] :</subfield>
			<subfield code='b'>issues in management /</subfield>
			<subfield code='c'>with Sandra Horning.</subfield>
		</datafield>
		<datafield ind1=' ' ind2=' ' tag='260'>
			<subfield code='a'>Secaucus, N.J. :</subfield>
			<subfield code='b'>Network for Continuing Medical Education,</subfield>
			<subfield code='c'>c1989.</subfield>
		</datafield>
		<datafield ind1=' ' ind2=' ' tag='300'>
			<subfield code='a'>1 videocassette (48 min.) :</subfield>
			<subfield code='b'>sd., col. ;</subfield>
			<subfield code='c'>3/4 in. +</subfield>
			<subfield code='e'>1 booklet.</subfield>
		</datafield>
		<datafield ind1='1' ind2=' ' tag='490'>
			<subfield code='a'>NCME telecourse ;</subfield>
			<subfield code='v'>no. 545</subfield>
		</datafield>
		<datafield ind1=' ' ind2=' ' tag='500'>
			<subfield code='a'>Bibliographic source data supplied by NCME.</subfield>
		</datafield>
		<datafield ind1=' ' ind2=' ' tag='500'>
			<subfield code='a'>Cosponsored by Stanford University, School of Medicine, Division of Oncology.</subfield>
		</datafield>
		<datafield ind1='8' ind2=' ' tag='520'>
			<subfield code='a'>Reviews therapies currently used in treating Hodgkin&apos;s disease and the controversy surrounding the variety of treatments available.  Presents, in discussing the use of staging laparotomy, modality, radiologic and chemotherapy, the Stanford approach to managing Hodgkin&apos;s disease.</subfield>
		</datafield>
		<datafield ind1=' ' ind2=' ' tag='530'>
			<subfield code='a'>Issued also as a 1/2 in. videocassette.</subfield>
		</datafield>
		<datafield ind1=' ' ind2='2' tag='650'>
			<subfield code='a'>Hodgkin Disease</subfield>
			<subfield code='x'>therapy</subfield>
			<subfield code='v'>videocassettes.</subfield>
		</datafield>
		<datafield ind1='1' ind2=' ' tag='700'>
			<subfield code='a'>Horning, Sandra.</subfield>
		</datafield>
		<datafield ind1='2' ind2=' ' tag='710'>
			<subfield code='a'>Network for Continuing Medical Education.</subfield>
		</datafield>
		<datafield ind1='2' ind2=' ' tag='710'>
			<subfield code='a'>Stanford University.</subfield>
			<subfield code='b'>Division of Oncology.</subfield>
		</datafield>
		<datafield ind1=' ' ind2='0' tag='830'>
			<subfield code='a'>Network for Continuing Medical Education (Series) ;</subfield>
			<subfield code='v'>no. 545</subfield>
		</datafield>
		<datafield ind1='2' ind2=' ' tag='852'>
			<subfield code='8'>22110018540003811</subfield>
			<subfield code='b'>PODIATRY</subfield>
			<subfield code='c'>media</subfield>
			<subfield code='h'>WH500 H52h 1989</subfield>
		</datafield>
		<datafield ind1=' ' ind2=' ' tag='902'>
			<subfield code='a'>160301</subfield>
		</datafield>
		<datafield ind1=' ' ind2=' ' tag='907'>
			<subfield code='a'>.b21031186</subfield>
			<subfield code='b'>hp   </subfield>
			<subfield code='c'>n</subfield>
		</datafield>
		<datafield ind1=' ' ind2=' ' tag='935'>
			<subfield code='a'>(CD )30635847</subfield>
		</datafield>
		<datafield ind1=' ' ind2=' ' tag='945'>
			<subfield code='l'>hpvid</subfield>
			<subfield code='g'>1</subfield>
		</datafield>
		<datafield ind1=' ' ind2=' ' tag='998'>
			<subfield code='b'>1</subfield>
			<subfield code='c'>000101</subfield>
			<subfield code='d'>m</subfield>
			<subfield code='e'>3</subfield>
			<subfield code='f'>n</subfield>
			<subfield code='g'>0</subfield>
		</datafield>
		<datafield tag='HLD' >
		</datafield>
	</record>