
	<record>
		<leader>01644cgm a2200373 a 4500</leader>
		<controlfield tag='001'>991012072299703811</controlfield>
		<controlfield tag='005'>19940823000000.0</controlfield>
		<controlfield tag='007'>vf|ccahru</controlfield>
		<controlfield tag='008'>890427s1989    xxu015||||||| ||||vueng b</controlfield>
		<datafield ind1=' ' ind2=' ' tag='035'>
			<subfield code='a'>(PPT)b2103137x-01tuli_inst</subfield>
		</datafield>
		<datafield ind1=' ' ind2=' ' tag='035'>
			<subfield code='a'>(DNLM)8900660A    </subfield>
			<subfield code='9'>ExL</subfield>
		</datafield>
		<datafield ind1=' ' ind2=' ' tag='040'>
			<subfield code='a'>DNLM</subfield>
			<subfield code='c'>DNLM</subfield>
			<subfield code='d'>DNLM</subfield>
		</datafield>
		<datafield ind1=' ' ind2=' ' tag='040'>
			<subfield code='c'>Charles E. Krausz Library</subfield>
		</datafield>
		<datafield ind1=' ' ind2=' ' tag='049'>
			<subfield code='a'>V/T</subfield>
			<subfield code='d'>19890101</subfield>
			<subfield code='v'>1</subfield>
		</datafield>
		<datafield ind1=' ' ind2=' ' tag='096'>
			<subfield code='a'>WL359 P16 1989</subfield>
		</datafield>
		<datafield ind1='0' ind2='0' tag='245'>
			<subfield code='a'>Initial management of the poison patient</subfield>
			<subfield code='h'>[videorecording] /</subfield>
			<subfield code='c'>with James V. Hillman.</subfield>
		</datafield>
		<datafield ind1=' ' ind2=' ' tag='260'>
			<subfield code='a'>Secaucus, N.J. :</subfield>
			<subfield code='b'>Network for Continuing Medical Education,</subfield>
			<subfield code='c'>c1989.</subfield>
		</datafield>
		<datafield ind1=' ' ind2=' ' tag='300'>
			<subfield code='a'>1 videocassette (15 min.) :</subfield>
			<subfield code='b'>sd., col. ;</subfield>
			<subfield code='c'>3/4 in. +</subfield>
			<subfield code='e'>1 booklet.</subfield>
		</datafield>
		<datafield ind1='1' ind2=' ' tag='490'>
			<subfield code='a'>NCME telecourse ;</subfield>
			<subfield code='v'>no. 542</subfield>
		</datafield>
		<datafield ind1=' ' ind2=' ' tag='500'>
			<subfield code='a'>Bibliographic source data supplied by NCME.</subfield>
		</datafield>
		<datafield ind1=' ' ind2=' ' tag='501'>
			<subfield code='a'>With: Parkinson&apos;s disease -- Rheumatic fever update.</subfield>
		</datafield>
		<datafield ind1='8' ind2=' ' tag='520'>
			<subfield code='a'>Reviews basic assessment procedures such as noting physical and mental status and taking a poison history in the management of the poisoned patient.  Lists common poisons, the organs affected and usual manifestations of poisoning.  Dramatic scenarios emphasize the use of prompt and efficient techniques.</subfield>
		</datafield>
		<datafield ind1=' ' ind2=' ' tag='530'>
			<subfield code='a'>Also available in 1/2 in. BETA and VHS formats.</subfield>
		</datafield>
		<datafield ind1=' ' ind2='2' tag='650'>
			<subfield code='a'>Poisoning</subfield>
			<subfield code='x'>physiopathology</subfield>
			<subfield code='v'>videocassettes.</subfield>
		</datafield>
		<datafield ind1=' ' ind2='2' tag='650'>
			<subfield code='a'>Poisoning</subfield>
			<subfield code='x'>therapy</subfield>
			<subfield code='v'>videocassettes.</subfield>
		</datafield>
		<datafield ind1='1' ind2='1' tag='700'>
			<subfield code='a'>Hillman, James V.</subfield>
		</datafield>
		<datafield ind1='2' ind2='1' tag='710'>
			<subfield code='a'>Network for Continuing Medical Education.</subfield>
		</datafield>
		<datafield ind1='0' ind2='1' tag='740'>
			<subfield code='a'>Parkinson&apos;s disease.</subfield>
		</datafield>
		<datafield ind1='0' ind2='1' tag='740'>
			<subfield code='a'>Rheumatic fever update.</subfield>
		</datafield>
		<datafield ind1=' ' ind2='0' tag='830'>
			<subfield code='a'>Network for Continuing Medical Education (Series) ;</subfield>
			<subfield code='v'>no. 542</subfield>
		</datafield>
		<datafield ind1=' ' ind2=' ' tag='902'>
			<subfield code='a'>151113</subfield>
		</datafield>
		<datafield ind1=' ' ind2=' ' tag='907'>
			<subfield code='a'>.b2103137x</subfield>
			<subfield code='b'>hp   </subfield>
			<subfield code='c'>-</subfield>
		</datafield>
		<datafield ind1=' ' ind2=' ' tag='935'>
			<subfield code='a'>(CD )3063588i</subfield>
		</datafield>
		<datafield ind1=' ' ind2=' ' tag='945'>
			<subfield code='l'>hpvid</subfield>
			<subfield code='g'>1</subfield>
		</datafield>
		<datafield ind1=' ' ind2=' ' tag='998'>
			<subfield code='b'>1</subfield>
			<subfield code='c'>000101</subfield>
			<subfield code='d'>m</subfield>
			<subfield code='e'>3</subfield>
			<subfield code='f'>-</subfield>
			<subfield code='g'>0</subfield>
		</datafield>
		<datafield tag='HLD' >
		</datafield>
	</record>