
	<record>
		<leader>00807cam a22002650  4500</leader>
		<controlfield tag='001'>991012074639703811</controlfield>
		<controlfield tag='008'>830921s1951    ohu      b    00000 eng  </controlfield>
		<datafield ind1=' ' ind2=' ' tag='035'>
			<subfield code='a'>(PPT)b12506540-01tuli_inst</subfield>
		</datafield>
		<datafield ind1=' ' ind2=' ' tag='035'>
			<subfield code='a'>ocn471185859</subfield>
			<subfield code='9'>ExL</subfield>
		</datafield>
		<datafield ind1=' ' ind2=' ' tag='035'>
			<subfield code='a'>PATG83-B29931</subfield>
		</datafield>
		<datafield ind1=' ' ind2=' ' tag='040'>
			<subfield code='d'>PPT</subfield>
		</datafield>
		<datafield ind1=' ' ind2=' ' tag='079'>
			<subfield code='a'>ocm00167807</subfield>
		</datafield>
		<datafield ind1=' ' ind2=' ' tag='090'>
			<subfield code='a'>PS3511.I9Z67</subfield>
		</datafield>
		<datafield ind1='1' ind2='0' tag='100'>
			<subfield code='a'>Kazin, Alfred,</subfield>
			<subfield code='d'>1915-1998.</subfield>
		</datafield>
		<datafield ind1='1' ind2='0' tag='245'>
			<subfield code='a'>F. Scott Fitzgerald: the man and his work.</subfield>
		</datafield>
		<datafield ind1=' ' ind2=' ' tag='250'>
			<subfield code='a'>[1st ed.]</subfield>
		</datafield>
		<datafield ind1=' ' ind2=' ' tag='260'>
			<subfield code='a'>Cleveland,</subfield>
			<subfield code='b'>World Pub. Co.</subfield>
			<subfield code='c'>[c1951]</subfield>
		</datafield>
		<datafield ind1=' ' ind2=' ' tag='300'>
			<subfield code='a'>219 p.</subfield>
			<subfield code='c'>22 cm.</subfield>
		</datafield>
		<datafield ind1=' ' ind2=' ' tag='504'>
			<subfield code='a'>&quot;The works of F. Scott Fitzgerald&quot;: p. [221]</subfield>
		</datafield>
		<datafield ind1='1' ind2='0' tag='600'>
			<subfield code='a'>Fitzgerald, F. Scott</subfield>
			<subfield code='q'>(Francis Scott),</subfield>
			<subfield code='d'>1896-1940.</subfield>
		</datafield>
		<datafield ind1='0' ind2=' ' tag='852'>
			<subfield code='8'>2296951910003811</subfield>
			<subfield code='b'>MAIN</subfield>
			<subfield code='c'>stacks</subfield>
			<subfield code='h'>PS3511.I9Z67</subfield>
		</datafield>
		<datafield ind1=' ' ind2=' ' tag='902'>
			<subfield code='a'>151222</subfield>
		</datafield>
		<datafield ind1=' ' ind2=' ' tag='907'>
			<subfield code='a'>.b12506540</subfield>
			<subfield code='b'>p    </subfield>
			<subfield code='c'>-</subfield>
		</datafield>
		<datafield ind1=' ' ind2=' ' tag='935'>
			<subfield code='a'>00267661</subfield>
		</datafield>
		<datafield ind1=' ' ind2=' ' tag='945'>
			<subfield code='l'>pstk </subfield>
			<subfield code='g'>1</subfield>
		</datafield>
		<datafield ind1=' ' ind2=' ' tag='950'>
			<subfield code='l'>P</subfield>
		</datafield>
		<datafield ind1=' ' ind2=' ' tag='998'>
			<subfield code='b'>1</subfield>
			<subfield code='c'>990101</subfield>
			<subfield code='d'>m</subfield>
			<subfield code='e'>a</subfield>
			<subfield code='f'>-</subfield>
			<subfield code='g'>0</subfield>
		</datafield>
		<datafield ind1=' ' ind2=' ' tag='998'>
			<subfield code='a'>11/02/83</subfield>
			<subfield code='t'>c</subfield>
			<subfield code='s'>9126</subfield>
			<subfield code='n'>PPT</subfield>
			<subfield code='w'>CNBG14234572B</subfield>
			<subfield code='d'>09/21/83</subfield>
			<subfield code='b'>XXX</subfield>
			<subfield code='i'>831102</subfield>
			<subfield code='h'>830921</subfield>
			<subfield code='l'>PATG</subfield>
		</datafield>
		<datafield tag='HLD' >
		</datafield>
	</record>