
	<record>
		<leader>00938nam a22002770  4500</leader>
		<controlfield tag='001'>991012077829703811</controlfield>
		<controlfield tag='008'>830922s1979    mdu           00010 eng d</controlfield>
		<datafield ind1=' ' ind2=' ' tag='035'>
			<subfield code='a'>(PPT)b12507234-01tuli_inst</subfield>
		</datafield>
		<datafield ind1=' ' ind2=' ' tag='035'>
			<subfield code='a'>ocn471185927</subfield>
			<subfield code='9'>ExL</subfield>
		</datafield>
		<datafield ind1=' ' ind2=' ' tag='035'>
			<subfield code='a'>PATG83-B30012</subfield>
		</datafield>
		<datafield ind1=' ' ind2=' ' tag='040'>
			<subfield code='a'>MiEM</subfield>
			<subfield code='c'>CU-A</subfield>
			<subfield code='d'>CU-A</subfield>
			<subfield code='d'>PPT</subfield>
		</datafield>
		<datafield ind1=' ' ind2=' ' tag='079'>
			<subfield code='a'>ocm06844775</subfield>
		</datafield>
		<datafield ind1=' ' ind2=' ' tag='090'>
			<subfield code='a'>PS3563.E82D45x</subfield>
		</datafield>
		<datafield ind1='1' ind2='0' tag='100'>
			<subfield code='a'>Messerli, Douglas,</subfield>
			<subfield code='d'>1947-</subfield>
		</datafield>
		<datafield ind1='1' ind2='0' tag='245'>
			<subfield code='a'>Dinner on the lawn :</subfield>
			<subfield code='b'>a sequence /</subfield>
			<subfield code='c'>Douglas Messerli.</subfield>
		</datafield>
		<datafield ind1=' ' ind2=' ' tag='260'>
			<subfield code='a'>College Park, Md. :</subfield>
			<subfield code='b'>Sun and Moon Press,</subfield>
			<subfield code='c'>c1979.</subfield>
		</datafield>
		<datafield ind1=' ' ind2=' ' tag='300'>
			<subfield code='a'>54 leaves ;</subfield>
			<subfield code='c'>26 cm.</subfield>
		</datafield>
		<datafield ind1=' ' ind2='0' tag='440'>
			<subfield code='a'>Sun &amp; Moon contemporary literature series ;</subfield>
			<subfield code='v'>no. 7</subfield>
		</datafield>
		<datafield ind1=' ' ind2=' ' tag='500'>
			<subfield code='a'>Paper wrappers.</subfield>
		</datafield>
		<datafield ind1='2' ind2=' ' tag='710'>
			<subfield code='a'>Sun and Moon Press,</subfield>
			<subfield code='e'>publisher.</subfield>
		</datafield>
		<datafield ind1='0' ind2=' ' tag='852'>
			<subfield code='8'>2296662910003811</subfield>
			<subfield code='b'>SCRC</subfield>
			<subfield code='c'>rarestacks</subfield>
			<subfield code='h'>PS3563.E82D45x</subfield>
		</datafield>
		<datafield ind1=' ' ind2=' ' tag='902'>
			<subfield code='a'>160318</subfield>
		</datafield>
		<datafield ind1=' ' ind2=' ' tag='907'>
			<subfield code='a'>.b12507234</subfield>
			<subfield code='b'>s    </subfield>
			<subfield code='c'>-</subfield>
		</datafield>
		<datafield ind1=' ' ind2=' ' tag='935'>
			<subfield code='a'>00267732</subfield>
		</datafield>
		<datafield ind1=' ' ind2=' ' tag='945'>
			<subfield code='l'>sccc </subfield>
			<subfield code='g'>1</subfield>
		</datafield>
		<datafield ind1=' ' ind2=' ' tag='950'>
			<subfield code='l'>CCC</subfield>
			<subfield code='n'>&quot;Of an edition of 350 copies this is number 4.&quot;</subfield>
			<subfield code='i'>09/22/83 C</subfield>
		</datafield>
		<datafield ind1=' ' ind2=' ' tag='955'>
			<subfield code='l'>CCC</subfield>
			<subfield code='i'>09/22/83 C</subfield>
		</datafield>
		<datafield ind1=' ' ind2=' ' tag='998'>
			<subfield code='b'>1</subfield>
			<subfield code='c'>990101</subfield>
			<subfield code='d'>m</subfield>
			<subfield code='e'>a</subfield>
			<subfield code='f'>-</subfield>
			<subfield code='g'>0</subfield>
		</datafield>
		<datafield ind1=' ' ind2=' ' tag='998'>
			<subfield code='a'>09/22/83</subfield>
			<subfield code='t'>c</subfield>
			<subfield code='s'>9114</subfield>
			<subfield code='n'>PPT</subfield>
			<subfield code='w'>CUDG23253126B</subfield>
			<subfield code='d'>09/22/83</subfield>
			<subfield code='c'>GK</subfield>
			<subfield code='b'>JF</subfield>
			<subfield code='i'>830922</subfield>
			<subfield code='l'>PATG</subfield>
		</datafield>
		<datafield tag='HLD' >
		</datafield>
	</record>