
	<record>
		<leader>01033cam a22003498a 4500</leader>
		<controlfield tag='001'>991012088339703811</controlfield>
		<controlfield tag='005'>20051222061012.3</controlfield>
		<controlfield tag='008'>050511s2005    nyu           000 0 eng  </controlfield>
		<datafield ind1=' ' ind2=' ' tag='010'>
			<subfield code='a'>2005048459</subfield>
		</datafield>
		<datafield ind1=' ' ind2=' ' tag='020'>
			<subfield code='a'>0307275191 (trade pbk.)</subfield>
		</datafield>
		<datafield ind1=' ' ind2=' ' tag='035'>
			<subfield code='a'>(PPT)b2971543x-01tuli_inst</subfield>
		</datafield>
		<datafield ind1=' ' ind2=' ' tag='035'>
			<subfield code='a'>(DLC)ocn490860976</subfield>
			<subfield code='9'>ExL</subfield>
		</datafield>
		<datafield ind1=' ' ind2=' ' tag='035'>
			<subfield code='a'>DLC  2005048459</subfield>
		</datafield>
		<datafield ind1=' ' ind2=' ' tag='040'>
			<subfield code='a'>DLC</subfield>
			<subfield code='c'>DLC</subfield>
		</datafield>
		<datafield ind1=' ' ind2=' ' tag='079'>
			<subfield code='a'>ocm60500368</subfield>
		</datafield>
		<datafield ind1=' ' ind2=' ' tag='090'>
			<subfield code='a'>PS3563.A4345</subfield>
			<subfield code='b'>V695 2005</subfield>
		</datafield>
		<datafield ind1='1' ind2=' ' tag='100'>
			<subfield code='a'>Mamet, David.</subfield>
		</datafield>
		<datafield ind1='1' ind2='4' tag='245'>
			<subfield code='a'>The Voysey inheritance :</subfield>
			<subfield code='b'>a play /</subfield>
			<subfield code='c'>Harley Granville Barker ; adapted by David Mamet.</subfield>
		</datafield>
		<datafield ind1=' ' ind2=' ' tag='260'>
			<subfield code='a'>New York :</subfield>
			<subfield code='b'>Vintage Books,</subfield>
			<subfield code='c'>2005.</subfield>
		</datafield>
		<datafield ind1=' ' ind2=' ' tag='300'>
			<subfield code='a'>118 p. ;</subfield>
			<subfield code='c'>21 cm.</subfield>
		</datafield>
		<datafield ind1=' ' ind2=' ' tag='500'>
			<subfield code='a'>&quot;A Vintage original&quot;--T.p. verso.</subfield>
		</datafield>
		<datafield ind1=' ' ind2='0' tag='650'>
			<subfield code='a'>Fathers and sons</subfield>
			<subfield code='v'>Drama.</subfield>
		</datafield>
		<datafield ind1=' ' ind2='0' tag='650'>
			<subfield code='a'>Embezzlement</subfield>
			<subfield code='v'>Drama.</subfield>
		</datafield>
		<datafield ind1=' ' ind2='7' tag='655'>
			<subfield code='a'>Domestic drama.</subfield>
			<subfield code='2'>lcgft</subfield>
		</datafield>
		<datafield ind1='1' ind2=' ' tag='700'>
			<subfield code='a'>Granville-Barker, Harley,</subfield>
			<subfield code='d'>1877-1946.</subfield>
			<subfield code='t'>Voysey inheritance.</subfield>
		</datafield>
		<datafield ind1=' ' ind2=' ' tag='901'>
			<subfield code='a'>BNA</subfield>
		</datafield>
		<datafield ind1=' ' ind2=' ' tag='901'>
			<subfield code='a'>R8543003</subfield>
		</datafield>
		<datafield ind1=' ' ind2=' ' tag='902'>
			<subfield code='a'>150720</subfield>
		</datafield>
		<datafield ind1=' ' ind2=' ' tag='902'>
			<subfield code='a'>051222AB0701</subfield>
		</datafield>
		<datafield ind1=' ' ind2=' ' tag='907'>
			<subfield code='a'>.b2971543x</subfield>
			<subfield code='b'>p    </subfield>
			<subfield code='c'>-</subfield>
		</datafield>
		<datafield ind1=' ' ind2=' ' tag='945'>
			<subfield code='l'>pstk </subfield>
			<subfield code='g'>1</subfield>
		</datafield>
		<datafield ind1=' ' ind2=' ' tag='998'>
			<subfield code='b'>0</subfield>
			<subfield code='c'>060302</subfield>
			<subfield code='d'>m</subfield>
			<subfield code='e'>a</subfield>
			<subfield code='f'>-</subfield>
			<subfield code='g'>4</subfield>
		</datafield>
		<datafield ind1=' ' ind2=' ' tag='998'>
			<subfield code='b'>0</subfield>
			<subfield code='c'>060302</subfield>
			<subfield code='d'>m</subfield>
			<subfield code='e'>a</subfield>
			<subfield code='f'>-</subfield>
			<subfield code='g'>4</subfield>
		</datafield>
		<datafield tag='HLD' >
		</datafield>
	</record>