
	<record>
		<leader>02918pam a22004214a 4500</leader>
		<controlfield tag='001'>991012094329703811</controlfield>
		<controlfield tag='005'>20051230090547.4</controlfield>
		<controlfield tag='008'>050622s2005    pauab    b    001 0 eng  </controlfield>
		<datafield ind1=' ' ind2=' ' tag='010'>
			<subfield code='a'>2005018097</subfield>
		</datafield>
		<datafield ind1=' ' ind2=' ' tag='020'>
			<subfield code='a'>1931707820 (alk. paper)</subfield>
		</datafield>
		<datafield ind1=' ' ind2=' ' tag='035'>
			<subfield code='a'>(PPT)b29716688-01tuli_inst</subfield>
		</datafield>
		<datafield ind1=' ' ind2=' ' tag='035'>
			<subfield code='a'>(OCoLC)ocn490862125</subfield>
			<subfield code='9'>ExL</subfield>
		</datafield>
		<datafield ind1=' ' ind2=' ' tag='035'>
			<subfield code='a'>DLCOCM60715285</subfield>
		</datafield>
		<datafield ind1=' ' ind2=' ' tag='040'>
			<subfield code='a'>DLC</subfield>
			<subfield code='c'>DLC</subfield>
			<subfield code='d'>YDX</subfield>
			<subfield code='d'>BAKER</subfield>
			<subfield code='d'>C#P</subfield>
		</datafield>
		<datafield ind1=' ' ind2=' ' tag='042'>
			<subfield code='a'>pcc</subfield>
		</datafield>
		<datafield ind1=' ' ind2=' ' tag='043'>
			<subfield code='a'>a-tu---</subfield>
		</datafield>
		<datafield ind1=' ' ind2=' ' tag='079'>
			<subfield code='a'>ocm60715285</subfield>
		</datafield>
		<datafield ind1=' ' ind2=' ' tag='090'>
			<subfield code='a'>CD5344</subfield>
			<subfield code='b'>.D87 2005</subfield>
		</datafield>
		<datafield ind1='1' ind2=' ' tag='100'>
			<subfield code='a'>Dusinberre, Elspeth R. M.</subfield>
		</datafield>
		<datafield ind1='1' ind2='0' tag='245'>
			<subfield code='a'>Gordion seals and sealings :</subfield>
			<subfield code='b'>individuals and society /</subfield>
			<subfield code='c'>Elspeth R. M. Dusinberre.</subfield>
		</datafield>
		<datafield ind1=' ' ind2=' ' tag='250'>
			<subfield code='a'>1st ed.</subfield>
		</datafield>
		<datafield ind1=' ' ind2=' ' tag='260'>
			<subfield code='a'>Philadelphia :</subfield>
			<subfield code='b'>University of Pennsylvania Museum,</subfield>
			<subfield code='c'>c2005.</subfield>
		</datafield>
		<datafield ind1=' ' ind2=' ' tag='300'>
			<subfield code='a'>xv, 179 p. :</subfield>
			<subfield code='b'>ill., maps ;</subfield>
			<subfield code='c'>29 cm +</subfield>
			<subfield code='e'>1 CD-ROM (4 3/4 in.).</subfield>
		</datafield>
		<datafield ind1=' ' ind2='0' tag='440'>
			<subfield code='a'>University Museum monograph ;</subfield>
			<subfield code='v'>124.</subfield>
		</datafield>
		<datafield ind1=' ' ind2=' ' tag='504'>
			<subfield code='a'>Includes bibliographical references (p. [93]-107) and index.</subfield>
		</datafield>
		<datafield ind1='0' ind2=' ' tag='505'>
			<subfield code='a'>List of illustrations -- Preface -- Why study seals? -- Previous scholarship on the seals -- A few final comments -- The site of Gordion -- Excavations at Gordion -- The history of Gordion -- Bronze age (3000-1100 BCE) -- Early Iron age (1100-950 BCE) -- Early Phrygian period (950-800 BCE) -- Middle Phrygian period (800-540 BCE) -- Late Phrygian period (540-330 BCE) -- Hellenistic period (330-150 BCE) -- Roman period (1-500 CE) -- The seals of Gordion -- Seals and sealings -- Overview of seal evidence -- Bronze age (3000-1100 BCE) -- Early Iron age (1100-950 BCE) -- Early Phrygian (950-800 BCE) -- Middle Phrygian (800-540 BCE) -- Late Phrygian (540-330 BCE) -- Hellenistic (330-150 BCE) -- Roman (1-500 CE) -- Notes to the reader on the catalogue of seals -- Numbering systems -- Catalogue information -- Descriptive and interpretive comments -- Measurements of artifacts -- Terms and issues relating to seal production and materials -- An additional note on the late Phrygian period -- Catalogue of seals -- Early Bronze age (3000-2000 BCE, cat. no. 1) -- Middle Bronze age (2000-1700 BCE, cat. nos. 2-6) -- Late Bronze age (1700-1100 BCE, cat. nos. 7-14) -- Early Iron age (1100-950 BCE, cat. no. 15) -- Early Phrygian (950-800 BCE, cat. nos. 16-18) -- Middle Phrygian (800-540 BCE, cat. nos. 19-32) -- Late Phrygian (540-330 BCE, cat. nos. 33-62) -- Hellenistic (330-150 BCE, cat. nos. 63-95) -- Roman (1-500 CE, cat. nos. 96-112) -- Seals of unknown date (cat. nos. 113-114) -- Bibliography -- Index.</subfield>
		</datafield>
		<datafield ind1=' ' ind2='0' tag='650'>
			<subfield code='a'>Seals (Numismatics)</subfield>
			<subfield code='z'>Turkey</subfield>
			<subfield code='z'>Gordion (Extinct city)</subfield>
		</datafield>
		<datafield ind1=' ' ind2='0' tag='651'>
			<subfield code='a'>Gordion (Extinct city)</subfield>
			<subfield code='x'>Antiquities.</subfield>
		</datafield>
		<datafield ind1='4' ind2='1' tag='856'>
			<subfield code='z'>Access Table of Contents.</subfield>
			<subfield code='u'>http://www.loc.gov/catdir/toc/ecip0514/2005018097.html</subfield>
		</datafield>
		<datafield ind1=' ' ind2=' ' tag='901'>
			<subfield code='a'>BNA</subfield>
		</datafield>
		<datafield ind1=' ' ind2=' ' tag='901'>
			<subfield code='a'>R4543411</subfield>
		</datafield>
		<datafield ind1=' ' ind2=' ' tag='902'>
			<subfield code='a'>110512</subfield>
		</datafield>
		<datafield ind1=' ' ind2=' ' tag='902'>
			<subfield code='a'>051230AB0701</subfield>
		</datafield>
		<datafield ind1='0' ind2='0' tag='905'>
			<subfield code='a'>Gordion Special studies</subfield>
			<subfield code='v'>3.</subfield>
		</datafield>
		<datafield ind1='0' ind2='0' tag='905'>
			<subfield code='a'>University Museum monographs</subfield>
			<subfield code='v'>124</subfield>
		</datafield>
		<datafield ind1=' ' ind2=' ' tag='907'>
			<subfield code='a'>.b29716688</subfield>
			<subfield code='b'>p    </subfield>
			<subfield code='c'>-</subfield>
		</datafield>
		<datafield ind1=' ' ind2=' ' tag='945'>
			<subfield code='l'>pstk </subfield>
			<subfield code='g'>1</subfield>
		</datafield>
		<datafield ind1=' ' ind2=' ' tag='998'>
			<subfield code='b'>0</subfield>
			<subfield code='c'>060301</subfield>
			<subfield code='d'>m</subfield>
			<subfield code='e'>a</subfield>
			<subfield code='f'>-</subfield>
			<subfield code='g'>0</subfield>
		</datafield>
		<datafield ind1=' ' ind2=' ' tag='998'>
			<subfield code='b'>0</subfield>
			<subfield code='c'>060301</subfield>
			<subfield code='d'>m</subfield>
			<subfield code='e'>a</subfield>
			<subfield code='f'>-</subfield>
			<subfield code='g'>0</subfield>
		</datafield>
		<datafield tag='PRT' >
		</datafield>
	</record>